<?xml version="1.0" encoding="UTF-8"?>
<!DOCTYPE html PUBLIC "-//W3C//DTD XHTML 1.0 Transitional//EN"
    "http://www.w3.org/TR/xhtml1/DTD/xhtml1-transitional.dtd">
<html xmlns="http://www.w3.org/1999/xhtml" xml:lang="en" lang="en">
 <head>
  <title>
</title>
<meta http-equiv="Content-Type" content="text/html;charset=utf-8" />
  <meta name='ocr-system' content='tesseract 3.04.00' />
  <meta name='ocr-capabilities' content='ocr_page ocr_carea ocr_par ocr_line ocrx_word'/>
</head>
<body>
  <div class='ocr_page' id='page_1' title='image "./florilegiumgrae06petegoog_0034.png"; bbox 0 0 3410 4162; ppageno 0'>
   <div class='ocr_carea' id='block_1_1' title="bbox 647 212 1298 276">
    <p class='ocr_par' dir='ltr' id='par_1_1' title="bbox 647 212 1298 276">
     <span class='ocr_line' id='line_1_1' title="bbox 647 212 1298 276; baseline -0.002 -12"><span class='ocrx_word' id='word_1_1' title='bbox 647 213 694 264; x_wconf 81' lang='lat' dir='ltr'><strong><em>1v.</em></strong></span> <span class='ocrx_word' id='word_1_2' title='bbox 713 213 938 264; x_wconf 63' lang='lat'>1112014011102.</span> <span class='ocrx_word' id='word_1_3' title='bbox 1256 212 1298 276; x_wconf 80' lang='lat'><strong><em>21</em></strong></span> 
     </span>
    </p>
   </div>
   <div class='ocr_carea' id='block_1_2' title="bbox 252 371 1356 3651">
    <p class='ocr_par' dir='ltr' id='par_1_2' title="bbox 278 371 1355 777">
     <span class='ocr_line' id='line_1_2' title="bbox 347 371 1355 460; baseline 0 -24"><span class='ocrx_word' id='word_1_4' title='bbox 347 371 407 438; x_wconf 85' lang='lat' dir='ltr'><strong><em>’Ev</em></strong></span> <span class='ocrx_word' id='word_1_5' title='bbox 429 373 467 438; x_wconf 75' lang='grc' dir='ltr'><strong><em>δὲ</em></strong></span> <span class='ocrx_word' id='word_1_6' title='bbox 489 375 642 460; x_wconf 82' lang='grc' dir='ltr'><strong><em>Σαλαρίηι</em></strong></span> <span class='ocrx_word' id='word_1_7' title='bbox 664 383 702 458; x_wconf 74' lang='grc' dir='ltr'><strong><em>τῇ</em></strong></span> <span class='ocrx_word' id='word_1_8' title='bbox 726 374 813 459; x_wconf 82' lang='grc' dir='ltr'><strong><em>πύλη</em></strong></span> <span class='ocrx_word' id='word_1_9' title='bbox 832 373 916 459; x_wconf 82' lang='grc' dir='ltr'><strong><em>άνήρ</em></strong></span> <span class='ocrx_word' id='word_1_10' title='bbox 935 375 1078 459; x_wconf 82' lang='grc' dir='ltr'><strong><em>εὐμήκης</em></strong></span> <span class='ocrx_word' id='word_1_11' title='bbox 1095 398 1130 439; x_wconf 89' lang='grc' dir='ltr'><strong><em>τε</em></strong></span> <span class='ocrx_word' id='word_1_12' title='bbox 1149 373 1204 440; x_wconf 82' lang='grc' dir='ltr'><strong><em>καὶ</em></strong></span> <span class='ocrx_word' id='word_1_13' title='bbox 1222 374 1300 458; x_wconf 81' lang='grc' dir='ltr'><strong><em>άγα-</em></strong></span> <span class='ocrx_word' id='word_1_14' title='bbox 1322 387 1355 438; x_wconf 73' lang='lat'><strong><em>14</em></strong></span> 
     </span>
     <span class='ocr_line' id='line_1_3' title="bbox 278 477 1303 568; baseline 0.003 -25"><span class='ocrx_word' id='word_1_15' title='bbox 278 480 348 556; x_wconf 86' lang='grc' dir='ltr'><strong><em>θὸς</em></strong></span> <span class='ocrx_word' id='word_1_16' title='bbox 366 480 406 544; x_wconf 88' lang='grc' dir='ltr'><strong><em>τὰ</em></strong></span> <span class='ocrx_word' id='word_1_17' title='bbox 424 477 578 562; x_wconf 88' lang='grc' dir='ltr'><strong><em>πολέμια,</em></strong></span> <span class='ocrx_word' id='word_1_18' title='bbox 597 480 735 565; x_wconf 84' lang='grc' dir='ltr'><strong><em>θώρακά</em></strong></span> <span class='ocrx_word' id='word_1_19' title='bbox 752 503 788 545; x_wconf 91' lang='grc' dir='ltr'><strong><em>τε</em></strong></span> <span class='ocrx_word' id='word_1_20' title='bbox 806 478 1081 563; x_wconf 86' lang='grc' dir='ltr'><strong><em>ένδιδυσκύμενος</em></strong></span> <span class='ocrx_word' id='word_1_21' title='bbox 1103 479 1158 546; x_wconf 81' lang='grc' dir='ltr'><strong><em>καὶ</em></strong></span> <span class='ocrx_word' id='word_1_22' title='bbox 1182 482 1303 568; x_wconf 80' lang='grc' dir='ltr'><strong><em>κράνος</em></strong></span> 
     </span>
     <span class='ocr_line' id='line_1_4' title="bbox 279 584 1302 676; baseline 0.001 -25"><span class='ocrx_word' id='word_1_23' title='bbox 279 584 321 651; x_wconf 84' lang='grc' dir='ltr'><strong><em>ἐν</em></strong></span> <span class='ocrx_word' id='word_1_24' title='bbox 355 595 394 671; x_wconf 75' lang='grc' dir='ltr'><strong><em>τῇ</em></strong></span> <span class='ocrx_word' id='word_1_25' title='bbox 426 591 553 671; x_wconf 78' lang='grc' dir='ltr'><strong><em>κεφαλῇ</em></strong></span> <span class='ocrx_word' id='word_1_26' title='bbox 586 588 671 670; x_wconf 86' lang='grc' dir='ltr'><strong><em>έχων</em></strong></span> <span class='ocrx_word' id='word_1_27' title='bbox 702 587 750 651; x_wconf 80' lang='grc' dir='ltr'><strong><em>ὥν</em></strong></span> <span class='ocrx_word' id='word_1_28' title='bbox 777 610 813 651; x_wconf 83' lang='grc' dir='ltr'><strong><em>τε</em></strong></span> <span class='ocrx_word' id='word_1_29' title='bbox 846 587 907 652; x_wconf 88' lang='grc' dir='ltr'><strong><em>οὐκ</em></strong></span> <span class='ocrx_word' id='word_1_30' title='bbox 941 586 1070 672; x_wconf 81' lang='grc' dir='ltr'><strong><em>ἀφανής</em></strong></span> <span class='ocrx_word' id='word_1_31' title='bbox 1101 585 1139 652; x_wconf 85' lang='grc' dir='ltr'><strong><em>ἐν</em></strong></span> <span class='ocrx_word' id='word_1_32' title='bbox 1165 595 1211 676; x_wconf 81' lang='grc' dir='ltr'><strong><em>τῷ</em></strong></span> <span class='ocrx_word' id='word_1_33' title='bbox 1235 599 1302 652; x_wconf 82' lang='grc' dir='ltr'><strong><em>τῶν</em></strong></span> 
     </span>
     <span class='ocr_line' id='line_1_5' title="bbox 282 691 1302 777; baseline 0.004 -21"><span class='ocrx_word' id='word_1_34' title='bbox 282 695 317 756; x_wconf 92' lang='grc' dir='ltr'><strong><em>Γ</em></strong></span> <span class='ocrx_word' id='word_1_35' title='bbox 313 694 429 757; x_wconf 84' lang='grc' dir='ltr'><strong><em>ότθων</em></strong></span> <span class='ocrx_word' id='word_1_36' title='bbox 455 694 549 757; x_wconf 82' lang='grc' dir='ltr'><strong><em>ἔθνει</em></strong></span> <span class='ocrx_word' id='word_1_37' title='bbox 577 692 639 758; x_wconf 82' lang='grc' dir='ltr'><strong><em>οὐκ</em></strong></span> <span class='ocrx_word' id='word_1_38' title='bbox 666 691 704 758; x_wconf 85' lang='grc' dir='ltr'><strong><em>έν</em></strong></span> <span class='ocrx_word' id='word_1_39' title='bbox 729 691 818 771; x_wconf 89' lang='grc' dir='ltr'><strong><em>τάξει</em></strong></span> <span class='ocrx_word' id='word_1_40' title='bbox 848 692 910 771; x_wconf 86' lang='grc' dir='ltr'><strong><em>ξύν</em></strong></span> <span class='ocrx_word' id='word_1_41' title='bbox 936 703 1006 770; x_wconf 85' lang='grc' dir='ltr'><strong><em>τοῖς</em></strong></span> <span class='ocrx_word' id='word_1_42' title='bbox 1028 695 1141 770; x_wconf 79' lang='grc' dir='ltr'><strong><em>ἄλλοις</em></strong></span> <span class='ocrx_word' id='word_1_43' title='bbox 1163 695 1302 777; x_wconf 83' lang='grc' dir='ltr'><strong><em>ἔμεινεν,</em></strong></span> 
     </span>
    </p>

    <p class='ocr_par' dir='ltr' id='par_1_3' title="bbox 256 796 1304 1311">
     <span class='ocr_line' id='line_1_6' title="bbox 256 796 1303 885; baseline -0.002 -19"><span class='ocrx_word' id='word_1_44' title='bbox 256 797 358 866; x_wconf 81' lang='grc' dir='ltr'><strong><em>είιλλ’</em></strong></span> <span class='ocrx_word' id='word_1_45' title='bbox 382 796 436 863; x_wconf 81' lang='grc' dir='ltr'><strong><em>ἐπὶ</em></strong></span> <span class='ocrx_word' id='word_1_46' title='bbox 460 797 603 885; x_wconf 90' lang='grc' dir='ltr'><strong><em>δένδρου</em></strong></span> <span class='ocrx_word' id='word_1_47' title='bbox 627 799 805 882; x_wconf 75' lang='grc' dir='ltr'><strong><em>ἱστάμενος.</em></strong></span> <span class='ocrx_word' id='word_1_48' title='bbox 818 801 936 883; x_wconf 84' lang='grc' dir='ltr'><strong><em>ἔβαλλε</em></strong></span> <span class='ocrx_word' id='word_1_49' title='bbox 955 801 1061 884; x_wconf 82' lang='grc' dir='ltr'><strong><em>συχνά</em></strong></span> <span class='ocrx_word' id='word_1_50' title='bbox 1079 798 1113 876; x_wconf 89' lang='grc' dir='ltr'><strong><em>ἐς</em></strong></span> <span class='ocrx_word' id='word_1_51' title='bbox 1130 801 1188 876; x_wconf 83' lang='grc' dir='ltr'><strong><em>τὰς</em></strong></span> <span class='ocrx_word' id='word_1_52' title='bbox 1206 797 1303 865; x_wconf 81' lang='grc' dir='ltr'><strong><em>ἐπάλ-</em></strong></span> 
     </span>
     <span class='ocr_line' id='line_1_7' title="bbox 282 904 1303 994; baseline 0.002 -25"><span class='ocrx_word' id='word_1_53' title='bbox 282 904 359 983; x_wconf 87' lang='grc' dir='ltr'><strong><em>ξεις.</em></strong></span> <span class='ocrx_word' id='word_1_54' title='bbox 405 913 527 970; x_wconf 87' lang='grc' dir='ltr'><strong><em>τοῦτον</em></strong></span> <span class='ocrx_word' id='word_1_55' title='bbox 558 905 596 970; x_wconf 76' lang='grc' dir='ltr'><strong><em>δὲ</em></strong></span> <span class='ocrx_word' id='word_1_56' title='bbox 626 906 686 971; x_wconf 90' lang='grc' dir='ltr'><strong><em>τὸν</em></strong></span> <span class='ocrx_word' id='word_1_57' title='bbox 718 906 824 991; x_wconf 84' lang='grc' dir='ltr'><strong><em>άνδρα</em></strong></span> <span class='ocrx_word' id='word_1_58' title='bbox 854 908 983 990; x_wconf 83' lang='grc' dir='ltr'><strong><em>μηχανή</em></strong></span> <span class='ocrx_word' id='word_1_59' title='bbox 1015 905 1052 972; x_wconf 84' lang='grc' dir='ltr'><strong><em>ἐν</em></strong></span> <span class='ocrx_word' id='word_1_60' title='bbox 1078 907 1194 994; x_wconf 75' lang='grc' dir='ltr'><strong><em>πύρνφ</em></strong></span> <span class='ocrx_word' id='word_1_61' title='bbox 1222 908 1303 971; x_wconf 81' lang='grc' dir='ltr'><strong><em>κατὰ</em></strong></span> 
     </span>
     <span class='ocr_line' id='line_1_8' title="bbox 280 1006 1304 1097; baseline 0.002 -21"><span class='ocrx_word' id='word_1_62' title='bbox 280 1011 384 1097; x_wconf 80' lang='grc' dir='ltr'><strong><em>μέρος</em></strong></span> <span class='ocrx_word' id='word_1_63' title='bbox 406 1012 444 1076; x_wconf 84' lang='grc' dir='ltr'><strong><em>τὸ</em></strong></span> <span class='ocrx_word' id='word_1_64' title='bbox 468 1012 563 1077; x_wconf 91' lang='grc' dir='ltr'><strong><em>λαιὸν</em></strong></span> <span class='ocrx_word' id='word_1_65' title='bbox 586 1006 671 1077; x_wconf 84' lang='grc' dir='ltr'><strong><em>οὖσα</em></strong></span> <span class='ocrx_word' id='word_1_66' title='bbox 692 1012 774 1097; x_wconf 89' lang='grc' dir='ltr'><strong><em>τύχη</em></strong></span> <span class='ocrx_word' id='word_1_67' title='bbox 797 1011 865 1077; x_wconf 86' lang='grc' dir='ltr'><strong><em>τινὶ</em></strong></span> <span class='ocrx_word' id='word_1_68' title='bbox 888 1015 1014 1096; x_wconf 81' lang='grc' dir='ltr'><strong><em>ἔβαλλε.</em></strong></span> <span class='ocrx_word' id='word_1_69' title='bbox 1051 1013 1172 1097; x_wconf 83' lang='grc' dir='ltr'><strong><em>διαβάν</em></strong></span> <span class='ocrx_word' id='word_1_70' title='bbox 1190 1013 1227 1077; x_wconf 78' lang='grc' dir='ltr'><strong><em>δέ</em></strong></span> <span class='ocrx_word' id='word_1_71' title='bbox 1244 1014 1304 1078; x_wconf 88' lang='grc' dir='ltr'><strong><em>τόν</em></strong></span> 
     </span>
     <span class='ocr_line' id='line_1_9' title="bbox 281 1117 1303 1205; baseline 0.002 -23"><span class='ocrx_word' id='word_1_72' title='bbox 281 1141 320 1182; x_wconf 89' lang='grc' dir='ltr'><strong><em>τε</em></strong></span> <span class='ocrx_word' id='word_1_73' title='bbox 343 1119 483 1203; x_wconf 82' lang='grc' dir='ltr'><strong><em>θώρακα</em></strong></span> <span class='ocrx_word' id='word_1_74' title='bbox 505 1117 560 1183; x_wconf 82' lang='grc' dir='ltr'><strong><em>καὶ</em></strong></span> <span class='ocrx_word' id='word_1_75' title='bbox 582 1119 620 1183; x_wconf 90' lang='grc' dir='ltr'><strong><em>τὸ</em></strong></span> <span class='ocrx_word' id='word_1_76' title='bbox 643 1127 703 1184; x_wconf 86' lang='grc' dir='ltr'><strong><em>τοῦ</em></strong></span> <span class='ocrx_word' id='word_1_77' title='bbox 727 1117 910 1205; x_wconf 78' lang='grc' dir='ltr'><strong><em>ἀνθρώπου</em></strong></span> <span class='ocrx_word' id='word_1_78' title='bbox 933 1130 1027 1202; x_wconf 82' lang='grc' dir='ltr'><strong><em>σῶμα</em></strong></span> <span class='ocrx_word' id='word_1_79' title='bbox 1049 1119 1086 1183; x_wconf 88' lang='grc' dir='ltr'><strong><em>τὸ</em></strong></span> <span class='ocrx_word' id='word_1_80' title='bbox 1105 1118 1201 1204; x_wconf 80' lang='grc' dir='ltr'><strong><em>βέλος</em></strong></span> <span class='ocrx_word' id='word_1_81' title='bbox 1218 1118 1303 1204; x_wconf 75' lang='grc' dir='ltr'><strong><em>ὑπὲρ</em></strong></span> 
     </span>
     <span class='ocr_line' id='line_1_10' title="bbox 281 1222 1303 1311; baseline 0.001 -22"><span class='ocrx_word' id='word_1_82' title='bbox 281 1226 389 1308; x_wconf 78' lang='grc' dir='ltr'><strong><em>ἥμισυ</em></strong></span> <span class='ocrx_word' id='word_1_83' title='bbox 412 1223 446 1302; x_wconf 89' lang='grc' dir='ltr'><strong><em>ἐς</em></strong></span> <span class='ocrx_word' id='word_1_84' title='bbox 468 1225 505 1289; x_wconf 90' lang='grc' dir='ltr'><strong><em>τὸ</em></strong></span> <span class='ocrx_word' id='word_1_85' title='bbox 529 1223 672 1310; x_wconf 92' lang='grc' dir='ltr'><strong><em>δένδρον</em></strong></span> <span class='ocrx_word' id='word_1_86' title='bbox 694 1225 754 1290; x_wconf 79' lang='grc' dir='ltr'><strong><em>ἔδυ</em></strong></span> <span class='ocrx_word' id='word_1_87' title='bbox 778 1222 904 1310; x_wconf 84' lang='grc' dir='ltr'><strong><em>ένέρσει</em></strong></span> <span class='ocrx_word' id='word_1_88' title='bbox 927 1248 962 1290; x_wconf 87' lang='grc' dir='ltr'><strong><em>τε</em></strong></span> <span class='ocrx_word' id='word_1_89' title='bbox 985 1225 1089 1290; x_wconf 86' lang='grc' dir='ltr'><strong><em>αὐτοῦ</em></strong></span> <span class='ocrx_word' id='word_1_90' title='bbox 1114 1226 1174 1291; x_wconf 91' lang='grc' dir='ltr'><strong><em>τὸν</em></strong></span> <span class='ocrx_word' id='word_1_91' title='bbox 1197 1226 1303 1311; x_wconf 75' lang='grc' dir='ltr'><strong><em>ἄνδρα</em></strong></span> 
     </span>
    </p>

    <p class='ocr_par' dir='ltr' id='par_1_4' title="bbox 254 1329 1303 1716">
     <span class='ocr_line' id='line_1_11' title="bbox 254 1329 1303 1417; baseline -0.002 -20"><span class='ocrx_word' id='word_1_92' title='bbox 254 1329 457 1414; x_wconf 78' lang='grc' dir='ltr'><strong><em>οξννδήσαν</em></strong></span> <span class='ocrx_word' id='word_1_93' title='bbox 479 1332 599 1416; x_wconf 82' lang='grc' dir='ltr'><strong><em>νεκρὸν</em></strong></span> <span class='ocrx_word' id='word_1_94' title='bbox 620 1333 771 1417; x_wconf 87' lang='grc' dir='ltr'><strong><em>ήρτησεν.</em></strong></span> <span class='ocrx_word' id='word_1_95' title='bbox 817 1331 897 1416; x_wconf 84' lang='grc' dir='ltr'><strong><em>ὅπερ</em></strong></span> <span class='ocrx_word' id='word_1_96' title='bbox 921 1329 991 1396; x_wconf 78' lang='grc' dir='ltr'><strong><em>ἐπεὶ</em></strong></span> <span class='ocrx_word' id='word_1_97' title='bbox 1019 1333 1051 1396; x_wconf 80' lang='grc' dir='ltr'><strong><em>ολ</em></strong></span> <span class='ocrx_word' id='word_1_98' title='bbox 1076 1333 1200 1397; x_wconf 88' lang='grc' dir='ltr'><strong><em>Γότθοι</em></strong></span> <span class='ocrx_word' id='word_1_99' title='bbox 1228 1354 1303 1396; x_wconf 85' lang='grc' dir='ltr'><strong><em>κατ-</em></strong></span> 
     </span>
     <span class='ocr_line' id='line_1_12' title="bbox 283 1435 1302 1524; baseline -0.001 -22"><span class='ocrx_word' id='word_1_100' title='bbox 283 1439 389 1520; x_wconf 82' lang='grc' dir='ltr'><strong><em>εῖδον,</em></strong></span> <span class='ocrx_word' id='word_1_101' title='bbox 413 1438 722 1524; x_wconf 84' lang='grc' dir='ltr'><strong><em>κατορρωδήσαντες</em></strong></span> <span class='ocrx_word' id='word_1_102' title='bbox 744 1436 799 1502; x_wconf 84' lang='grc' dir='ltr'><strong><em>καὶ</em></strong></span> <span class='ocrx_word' id='word_1_103' title='bbox 821 1441 930 1521; x_wconf 82' lang='grc' dir='ltr'><strong><em>βελῶν</em></strong></span> <span class='ocrx_word' id='word_1_104' title='bbox 952 1435 1013 1515; x_wconf 79' lang='grc' dir='ltr'><strong><em>ἔξω</em></strong></span> <span class='ocrx_word' id='word_1_105' title='bbox 1036 1438 1209 1520; x_wconf 78' lang='grc' dir='ltr'><strong><em>γενόμενοι</em></strong></span> <span class='ocrx_word' id='word_1_106' title='bbox 1232 1440 1302 1520; x_wconf 85' lang='grc' dir='ltr'><strong><em>έμε-</em></strong></span> 
     </span>
     <span class='ocr_line' id='line_1_13' title="bbox 283 1541 1303 1632; baseline -0.001 -24"><span class='ocrx_word' id='word_1_107' title='bbox 283 1568 349 1608; x_wconf 91' lang='grc' dir='ltr'><strong><em>νον</em></strong></span> <span class='ocrx_word' id='word_1_108' title='bbox 377 1544 439 1625; x_wconf 77' lang='grc' dir='ltr'><strong><em>μὲν</em></strong></span> <span class='ocrx_word' id='word_1_109' title='bbox 466 1545 514 1608; x_wconf 81' lang='grc' dir='ltr'><strong><em>ἔτι</em></strong></span> <span class='ocrx_word' id='word_1_110' title='bbox 543 1542 580 1609; x_wconf 86' lang='grc' dir='ltr'><strong><em>έν</em></strong></span> <span class='ocrx_word' id='word_1_111' title='bbox 606 1542 709 1627; x_wconf 88' lang='grc' dir='ltr'><strong><em>τάξει,</em></strong></span> <span class='ocrx_word' id='word_1_112' title='bbox 739 1546 818 1620; x_wconf 88' lang='grc' dir='ltr'><strong><em>τοὺς</em></strong></span> <span class='ocrx_word' id='word_1_113' title='bbox 845 1544 882 1608; x_wconf 83' lang='grc' dir='ltr'><strong><em>δέ</em></strong></span> <span class='ocrx_word' id='word_1_114' title='bbox 909 1541 947 1608; x_wconf 87' lang='grc' dir='ltr'><strong><em>έν</em></strong></span> <span class='ocrx_word' id='word_1_115' title='bbox 973 1551 1019 1632; x_wconf 80' lang='grc' dir='ltr'><strong><em>τῷ</em></strong></span> <span class='ocrx_word' id='word_1_116' title='bbox 1043 1546 1142 1627; x_wconf 84' lang='grc' dir='ltr'><strong><em>τείχει</em></strong></span> <span class='ocrx_word' id='word_1_117' title='bbox 1170 1544 1232 1608; x_wconf 85' lang='grc' dir='ltr'><strong><em>ούκ</em></strong></span> <span class='ocrx_word' id='word_1_118' title='bbox 1254 1545 1303 1610; x_wconf 82' lang='grc' dir='ltr'><strong><em>ἔτι</em></strong></span> 
     </span>
     <span class='ocr_line' id='line_1_14' title="bbox 284 1649 443 1716; baseline 0.006 -2"><span class='ocrx_word' id='word_1_119' title='bbox 284 1649 443 1716; x_wconf 83' lang='grc' dir='ltr'><strong><em>ἐλύπουν.</em></strong></span> 
     </span>
    </p>

    <p class='ocr_par' dir='ltr' id='par_1_5' title="bbox 354 1754 1354 1844">
     <span class='ocr_line' id='line_1_15' title="bbox 354 1754 1354 1844; baseline -0.005 -23"><span class='ocrx_word' id='word_1_120' title='bbox 354 1756 482 1834; x_wconf 80' lang='grc' dir='ltr'><strong><em>Βέσσος</em></strong></span> <span class='ocrx_word' id='word_1_121' title='bbox 512 1757 550 1822; x_wconf 80' lang='grc' dir='ltr'><strong><em>δὲ</em></strong></span> <span class='ocrx_word' id='word_1_122' title='bbox 578 1755 633 1822; x_wconf 80' lang='grc' dir='ltr'><strong><em>καλ</em></strong></span> <span class='ocrx_word' id='word_1_123' title='bbox 664 1758 830 1842; x_wconf 87' lang='grc' dir='ltr'><strong><em>Περάνιος</em></strong></span> <span class='ocrx_word' id='word_1_124' title='bbox 865 1757 1056 1841; x_wconf 79' lang='grc' dir='ltr'><strong><em>Ούιτίνιδος</em></strong></span> <span class='ocrx_word' id='word_1_125' title='bbox 1092 1754 1130 1822; x_wconf 88' lang='grc' dir='ltr'><strong><em>έν</em></strong></span> <span class='ocrx_word' id='word_1_126' title='bbox 1160 1759 1302 1844; x_wconf 79' lang='grc' dir='ltr'><strong><em>βιβαρίφ</em></strong></span> <span class='ocrx_word' id='word_1_127' title='bbox 1322 1770 1354 1816; x_wconf 84' lang='lat'><strong><em>15</em></strong></span> 
     </span>
    </p>

    <p class='ocr_par' dir='ltr' id='par_1_6' title="bbox 255 1861 1303 2377">
     <span class='ocr_line' id='line_1_16' title="bbox 255 1861 1303 1949; baseline -0.003 -19"><span class='ocrx_word' id='word_1_128' title='bbox 255 1891 268 1930; x_wconf 82' lang='grc' dir='ltr'><strong><em>ε</em></strong></span> <span class='ocrx_word' id='word_1_129' title='bbox 286 1864 486 1949; x_wconf 82' lang='grc' dir='ltr'><strong><em>ἰσχυρότατα</em></strong></span> <span class='ocrx_word' id='word_1_130' title='bbox 504 1861 695 1947; x_wconf 78' lang='grc' dir='ltr'><strong><em>ἐγκειμένου</em></strong></span> <span class='ocrx_word' id='word_1_131' title='bbox 715 1867 811 1948; x_wconf 90' lang='grc' dir='ltr'><strong><em>σφίσι</em></strong></span> <span class='ocrx_word' id='word_1_132' title='bbox 831 1864 1031 1949; x_wconf 87' lang='grc' dir='ltr'><strong><em>Βελισάριον</em></strong></span> <span class='ocrx_word' id='word_1_133' title='bbox 1051 1861 1303 1945; x_wconf 88' lang='grc' dir='ltr'><strong><em>μετεπέμποντο.</em></strong></span> 
     </span>
     <span class='ocr_line' id='line_1_17' title="bbox 286 1964 1302 2058; baseline -0.002 -23"><span class='ocrx_word' id='word_1_134' title='bbox 286 1970 307 2035; x_wconf 84' lang='grc' dir='ltr'>ὁ</span> <span class='ocrx_word' id='word_1_135' title='bbox 335 1969 373 2034; x_wconf 80' lang='grc' dir='ltr'><strong><em>δὲ</em></strong></span> <span class='ocrx_word' id='word_1_136' title='bbox 400 1971 512 2046; x_wconf 92' lang='grc' dir='ltr'><strong><em>δείσας</em></strong></span> <span class='ocrx_word' id='word_1_137' title='bbox 542 1967 618 2056; x_wconf 83' lang='grc' dir='ltr'><strong><em>περὶ</em></strong></span> <span class='ocrx_word' id='word_1_138' title='bbox 648 1977 691 2058; x_wconf 72' lang='grc' dir='ltr'><strong><em>τᾷ</em></strong></span> <span class='ocrx_word' id='word_1_139' title='bbox 723 1968 872 2036; x_wconf 87' lang='grc' dir='ltr'><strong><em>ἐνταῦθα</em></strong></span> <span class='ocrx_word' id='word_1_140' title='bbox 899 1973 998 2054; x_wconf 86' lang='grc' dir='ltr'><strong><em>τείχει</em></strong></span> <span class='ocrx_word' id='word_1_141' title='bbox 1026 1964 1082 2056; x_wconf 83' lang='grc' dir='ltr'><strong><em>(ήν</em></strong></span> <span class='ocrx_word' id='word_1_142' title='bbox 1110 1970 1173 2054; x_wconf 81' lang='grc' dir='ltr'><strong><em>γάρ</em></strong></span> <span class='ocrx_word' id='word_1_143' title='bbox 1201 1969 1302 2054; x_wconf 89' lang='grc' dir='ltr'><strong><em>ταύτη</em></strong></span> 
     </span>
     <span class='ocr_line' id='line_1_18' title="bbox 285 2073 1303 2164; baseline -0.001 -23"><span class='ocrx_word' id='word_1_144' title='bbox 285 2074 549 2160; x_wconf 81' lang='grc' dir='ltr'><strong><em>ἐπιμαχώτατον,</em></strong></span> <span class='ocrx_word' id='word_1_145' title='bbox 585 2077 696 2163; x_wconf 82' lang='grc' dir='ltr'><strong><em>ὥσπερ</em></strong></span> <span class='ocrx_word' id='word_1_146' title='bbox 732 2073 874 2164; x_wconf 74' lang='grc' dir='ltr'><strong><em>εἴρηται)</em></strong></span> <span class='ocrx_word' id='word_1_147' title='bbox 916 2077 998 2140; x_wconf 85' lang='grc' dir='ltr'><strong><em>κατά</em></strong></span> <span class='ocrx_word' id='word_1_148' title='bbox 1034 2076 1132 2160; x_wconf 90' lang='grc' dir='ltr'><strong><em>τάχος</em></strong></span> <span class='ocrx_word' id='word_1_149' title='bbox 1168 2073 1303 2158; x_wconf 85' lang='grc' dir='ltr'><strong><em>ἐβοήθει</em></strong></span> 
     </span>
     <span class='ocr_line' id='line_1_19' title="bbox 286 2179 1302 2270; baseline -0.002 -22"><span class='ocrx_word' id='word_1_150' title='bbox 286 2183 400 2266; x_wconf 81' lang='grc' dir='ltr'><strong><em>αύτύς,</em></strong></span> <span class='ocrx_word' id='word_1_151' title='bbox 431 2181 490 2248; x_wconf 80' lang='grc' dir='ltr'><strong><em>ἕνα</em></strong></span> <span class='ocrx_word' id='word_1_152' title='bbox 517 2195 585 2248; x_wconf 85' lang='grc' dir='ltr'><strong><em>τῶν</em></strong></span> <span class='ocrx_word' id='word_1_153' title='bbox 613 2207 689 2248; x_wconf 92' lang='grc' dir='ltr'><strong><em>τινα</em></strong></span> <span class='ocrx_word' id='word_1_154' title='bbox 719 2181 914 2267; x_wconf 88' lang='grc' dir='ltr'><strong><em>ἐπιτηδείων</em></strong></span> <span class='ocrx_word' id='word_1_155' title='bbox 941 2182 1047 2248; x_wconf 84' lang='grc' dir='ltr'><strong><em>λιπὼν</em></strong></span> <span class='ocrx_word' id='word_1_156' title='bbox 1076 2179 1114 2246; x_wconf 85' lang='grc' dir='ltr'><strong><em>ἐν</em></strong></span> <span class='ocrx_word' id='word_1_157' title='bbox 1142 2183 1302 2270; x_wconf 74' lang='grc' dir='ltr'><strong><em>Σαλαρίη.</em></strong></span> 
     </span>
     <span class='ocr_line' id='line_1_20' title="bbox 286 2287 1303 2377; baseline -0.002 -23"><span class='ocrx_word' id='word_1_158' title='bbox 286 2287 344 2354; x_wconf 84' lang='grc' dir='ltr'><strong><em>καὶ</em></strong></span> <span class='ocrx_word' id='word_1_159' title='bbox 367 2292 445 2367; x_wconf 88' lang='grc' dir='ltr'><strong><em>τοὺς</em></strong></span> <span class='ocrx_word' id='word_1_160' title='bbox 468 2290 667 2375; x_wconf 84' lang='grc' dir='ltr'><strong><em>στρατιώτας</em></strong></span> <span class='ocrx_word' id='word_1_161' title='bbox 691 2289 780 2375; x_wconf 82' lang='grc' dir='ltr'><strong><em>ὁρῶν</em></strong></span> <span class='ocrx_word' id='word_1_162' title='bbox 802 2288 840 2355; x_wconf 86' lang='grc' dir='ltr'><strong><em>έν</em></strong></span> <span class='ocrx_word' id='word_1_163' title='bbox 861 2291 1004 2377; x_wconf 82' lang='grc' dir='ltr'><strong><em>βιβαρίφ</em></strong></span> <span class='ocrx_word' id='word_1_164' title='bbox 1027 2289 1089 2372; x_wconf 86' lang='grc' dir='ltr'><strong><em>τήν</em></strong></span> <span class='ocrx_word' id='word_1_165' title='bbox 1111 2289 1303 2373; x_wconf 84' lang='grc' dir='ltr'><strong><em>προσβολήν</em></strong></span> 
     </span>
    </p>

    <p class='ocr_par' dir='ltr' id='par_1_7' title="bbox 252 2389 1356 2908">
     <span class='ocr_line' id='line_1_21' title="bbox 252 2389 1303 2480; baseline -0.004 -18"><span class='ocrx_word' id='word_1_166' title='bbox 252 2425 271 2462; x_wconf 76' lang='grc' dir='ltr'><strong><em>ιο</em></strong></span> <span class='ocrx_word' id='word_1_167' title='bbox 286 2407 356 2460; x_wconf 83' lang='grc' dir='ltr'><strong><em>τῶν</em></strong></span> <span class='ocrx_word' id='word_1_168' title='bbox 387 2393 549 2460; x_wconf 82' lang='grc' dir='ltr'><strong><em>ἐναντίων</em></strong></span> <span class='ocrx_word' id='word_1_169' title='bbox 580 2395 833 2480; x_wconf 82' lang='grc' dir='ltr'><strong><em>πεφοβημένους</em></strong></span> <span class='ocrx_word' id='word_1_170' title='bbox 862 2395 1009 2480; x_wconf 79' lang='grc' dir='ltr'><strong><em>μεγάλην</em></strong></span> <span class='ocrx_word' id='word_1_171' title='bbox 1040 2417 1075 2459; x_wconf 88' lang='grc' dir='ltr'><strong><em>τε</em></strong></span> <span class='ocrx_word' id='word_1_172' title='bbox 1108 2389 1214 2460; x_wconf 83' lang='grc' dir='ltr'><strong><em>οὖσαν</em></strong></span> <span class='ocrx_word' id='word_1_173' title='bbox 1247 2393 1303 2459; x_wconf 86' lang='grc' dir='ltr'><strong><em>καὶ</em></strong></span> 
     </span>
     <span class='ocr_line' id='line_1_22' title="bbox 286 2498 1302 2589; baseline -0.002 -22"><span class='ocrx_word' id='word_1_174' title='bbox 286 2502 558 2588; x_wconf 77' lang='grc' dir='ltr'><strong><em>πολυάνθρωπον</em></strong></span> <span class='ocrx_word' id='word_1_175' title='bbox 580 2502 806 2589; x_wconf 77' lang='grc' dir='ltr'><strong><em>ὑπερφρονεῖν</em></strong></span> <span class='ocrx_word' id='word_1_176' title='bbox 828 2525 863 2568; x_wconf 77' lang='grc' dir='ltr'><strong><em>νε</em></strong></span> <span class='ocrx_word' id='word_1_177' title='bbox 886 2514 953 2568; x_wconf 82' lang='grc' dir='ltr'><strong><em>τῶν</em></strong></span> <span class='ocrx_word' id='word_1_178' title='bbox 979 2504 1146 2584; x_wconf 89' lang='grc' dir='ltr'><strong><em>πολεμίων</em></strong></span> <span class='ocrx_word' id='word_1_179' title='bbox 1173 2498 1302 2566; x_wconf 83' lang='grc' dir='ltr'><strong><em>ἐκέλευε</em></strong></span> 
     </span>
     <span class='ocr_line' id='line_1_23' title="bbox 287 2603 1356 2694; baseline -0.004 -22"><span class='ocrx_word' id='word_1_180' title='bbox 287 2607 344 2673; x_wconf 83' lang='grc' dir='ltr'><strong><em>καὶ</em></strong></span> <span class='ocrx_word' id='word_1_181' title='bbox 380 2606 433 2672; x_wconf 80' lang='grc' dir='ltr'><strong><em>ἐπὶ</em></strong></span> <span class='ocrx_word' id='word_1_182' title='bbox 469 2609 506 2673; x_wconf 88' lang='grc' dir='ltr'><strong><em>τὸ</em></strong></span> <span class='ocrx_word' id='word_1_183' title='bbox 542 2615 685 2694; x_wconf 80' lang='grc' dir='ltr'><strong><em>θαρσεῖν</em></strong></span> <span class='ocrx_word' id='word_1_184' title='bbox 721 2609 972 2693; x_wconf 82' lang='grc' dir='ltr'><strong><em>άντιιιαθίστη.“</em></strong></span> <span class='ocrx_word' id='word_1_185' title='bbox 1001 2603 1044 2692; x_wconf 80' lang='grc' dir='ltr'><strong><em>ἦν</em></strong></span> <span class='ocrx_word' id='word_1_186' title='bbox 1080 2607 1117 2672; x_wconf 79' lang='grc' dir='ltr'><strong><em>δέ</em></strong></span> <span class='ocrx_word' id='word_1_187' title='bbox 1149 2607 1167 2672; x_wconf 86' lang='grc' dir='ltr'><strong>ὁ</strong></span> <span class='ocrx_word' id='word_1_188' title='bbox 1199 2608 1301 2692; x_wconf 88' lang='grc' dir='ltr'><strong><em>ταύτη</em></strong></span> <span class='ocrx_word' id='word_1_189' title='bbox 1322 2621 1356 2669; x_wconf 81' lang='grc'><strong><em>16</em></strong></span> 
     </span>
     <span class='ocr_line' id='line_1_24' title="bbox 288 2711 1303 2800; baseline -0.002 -21"><span class='ocrx_word' id='word_1_190' title='bbox 288 2727 394 2800; x_wconf 85' lang='grc' dir='ltr'><strong><em>χῶρος</em></strong></span> <span class='ocrx_word' id='word_1_191' title='bbox 417 2715 539 2798; x_wconf 91' lang='grc' dir='ltr'><strong><em>ὁμαλὸς</em></strong></span> <span class='ocrx_word' id='word_1_192' title='bbox 560 2717 679 2799; x_wconf 79' lang='grc' dir='ltr'><strong><em>κομιδῆ</em></strong></span> <span class='ocrx_word' id='word_1_193' title='bbox 703 2714 757 2780; x_wconf 83' lang='grc' dir='ltr'><strong><em>καὶ</em></strong></span> <span class='ocrx_word' id='word_1_194' title='bbox 781 2714 835 2780; x_wconf 82' lang='grc' dir='ltr'><strong><em>ἀπ’</em></strong></span> <span class='ocrx_word' id='word_1_195' title='bbox 858 2717 962 2782; x_wconf 84' lang='grc' dir='ltr'><strong><em>αὐτοῦ</em></strong></span> <span class='ocrx_word' id='word_1_196' title='bbox 985 2724 1057 2790; x_wconf 76' lang='grc' dir='ltr'><strong><em>ταῖς</em></strong></span> <span class='ocrx_word' id='word_1_197' title='bbox 1079 2711 1213 2798; x_wconf 82' lang='grc' dir='ltr'><strong><em>ἐφόδοις</em></strong></span> <span class='ocrx_word' id='word_1_198' title='bbox 1235 2724 1303 2778; x_wconf 85' lang='grc' dir='ltr'><strong><em>τῶν</em></strong></span> 
     </span>
     <span class='ocr_line' id='line_1_25' title="bbox 287 2817 1303 2908; baseline -0.002 -22"><span class='ocrx_word' id='word_1_199' title='bbox 287 2823 496 2906; x_wconf 84' lang='grc' dir='ltr'><strong><em>προσιόντων</em></strong></span> <span class='ocrx_word' id='word_1_200' title='bbox 518 2819 713 2906; x_wconf 79' lang='grc' dir='ltr'><strong><em>ἐγκείμενος.</em></strong></span> <span class='ocrx_word' id='word_1_201' title='bbox 750 2823 832 2908; x_wconf 86' lang='grc' dir='ltr'><strong><em>τύχη</em></strong></span> <span class='ocrx_word' id='word_1_202' title='bbox 855 2821 893 2887; x_wconf 85' lang='grc' dir='ltr'><strong><em>τί</em></strong></span> <span class='ocrx_word' id='word_1_203' title='bbox 913 2845 980 2887; x_wconf 88' lang='grc' dir='ltr'><strong><em>τινι</em></strong></span> <span class='ocrx_word' id='word_1_204' title='bbox 1003 2821 1040 2884; x_wconf 88' lang='grc' dir='ltr'><strong><em>τὸ</em></strong></span> <span class='ocrx_word' id='word_1_205' title='bbox 1064 2817 1173 2905; x_wconf 82' lang='grc' dir='ltr'><strong><em>ἐκείνη</em></strong></span> <span class='ocrx_word' id='word_1_206' title='bbox 1196 2828 1303 2903; x_wconf 79' lang='grc' dir='ltr'><strong><em>τεῖχος</em></strong></span> 
     </span>
    </p>

    <p class='ocr_par' dir='ltr' id='par_1_8' title="bbox 252 2926 1338 3438">
     <span class='ocr_line' id='line_1_26' title="bbox 252 2926 1301 3015; baseline -0.005 -21"><span class='ocrx_word' id='word_1_207' title='bbox 252 2955 271 2994; x_wconf 76' lang='grc' dir='ltr'><strong><em>ιε</em></strong></span> <span class='ocrx_word' id='word_1_208' title='bbox 290 2927 394 3004; x_wconf 80' lang='grc' dir='ltr'><strong><em>οὕτως</em></strong></span> <span class='ocrx_word' id='word_1_209' title='bbox 423 2926 476 2993; x_wconf 83' lang='grc' dir='ltr'><strong><em>ἐπὶ</em></strong></span> <span class='ocrx_word' id='word_1_210' title='bbox 506 2933 661 2994; x_wconf 83' lang='grc' dir='ltr'><strong><em>πλεῖστον</em></strong></span> <span class='ocrx_word' id='word_1_211' title='bbox 691 2931 879 3015; x_wconf 86' lang='grc' dir='ltr'><strong><em>διερρυήκει</em></strong></span> <span class='ocrx_word' id='word_1_212' title='bbox 909 2929 954 3004; x_wconf 81' lang='grc' dir='ltr'><strong><em>ὡς</em></strong></span> <span class='ocrx_word' id='word_1_213' title='bbox 980 2939 1048 2992; x_wconf 85' lang='grc' dir='ltr'><strong><em>τῶν</em></strong></span> <span class='ocrx_word' id='word_1_214' title='bbox 1074 2927 1229 2992; x_wconf 87' lang='grc' dir='ltr'><strong><em>πλίνθων</em></strong></span> <span class='ocrx_word' id='word_1_215' title='bbox 1258 2927 1301 3009; x_wconf 83' lang='grc' dir='ltr'><strong><em>μή</em></strong></span> 
     </span>
     <span class='ocr_line' id='line_1_27' title="bbox 289 3032 1301 3119; baseline -0.001 -21"><span class='ocrx_word' id='word_1_216' title='bbox 289 3037 365 3098; x_wconf 85' lang='grc' dir='ltr'><strong><em>λίαν</em></strong></span> <span class='ocrx_word' id='word_1_217' title='bbox 394 3036 455 3118; x_wconf 79' lang='grc' dir='ltr'><strong><em>τὴν</em></strong></span> <span class='ocrx_word' id='word_1_218' title='bbox 485 3033 657 3119; x_wconf 75' lang='grc' dir='ltr'><strong><em>ξυνθήκην</em></strong></span> <span class='ocrx_word' id='word_1_219' title='bbox 687 3033 915 3112; x_wconf 89' lang='grc' dir='ltr'><strong><em>ξυνίστασθαι.</em></strong></span> <span class='ocrx_word' id='word_1_220' title='bbox 966 3035 1122 3117; x_wconf 88' lang='grc' dir='ltr'><strong><em>Τείχισμα</em></strong></span> <span class='ocrx_word' id='word_1_221' title='bbox 1154 3032 1192 3097; x_wconf 79' lang='grc' dir='ltr'><strong><em>δὲ</em></strong></span> <span class='ocrx_word' id='word_1_222' title='bbox 1221 3033 1301 3097; x_wconf 86' lang='grc' dir='ltr'><strong><em>άλλο</em></strong></span> 
     </span>
     <span class='ocr_line' id='line_1_28' title="bbox 288 3135 1338 3229; baseline -0.002 -25"><span class='ocrx_word' id='word_1_223' title='bbox 288 3142 395 3225; x_wconf 86' lang='grc' dir='ltr'><strong><em>βραχὺ</em></strong></span> <span class='ocrx_word' id='word_1_224' title='bbox 426 3139 644 3226; x_wconf 87' lang='grc' dir='ltr'><strong><em>περιέβαλλον</em></strong></span> <span class='ocrx_word' id='word_1_225' title='bbox 675 3139 810 3220; x_wconf 74' lang='grc' dir='ltr'><strong><em>ἔξωθεν.</em></strong></span> <span class='ocrx_word' id='word_1_226' title='bbox 834 3142 922 3229; x_wconf 79' lang='grc' dir='ltr'><strong><em>αύτῷ</em></strong></span> <span class='ocrx_word' id='word_1_227' title='bbox 951 3141 983 3205; x_wconf 80' lang='grc' dir='ltr'><strong><em>οἱ</em></strong></span> <span class='ocrx_word' id='word_1_228' title='bbox 1014 3139 1115 3204; x_wconf 87' lang='grc' dir='ltr'><strong><em>πάλαι</em></strong></span> <span class='ocrx_word' id='word_1_229' title='bbox 1141 3135 1301 3221; x_wconf 82' lang='grc' dir='ltr'><strong><em>Ῥωμαῖοι,</em></strong></span> <span class='ocrx_word' id='word_1_230' title='bbox 1335 3167 1338 3176; x_wconf 69' lang='grc'><strong>’</strong></span> 
     </span>
     <span class='ocr_line' id='line_1_29' title="bbox 289 3240 1302 3335; baseline -0.005 -23"><span class='ocrx_word' id='word_1_231' title='bbox 289 3247 352 3312; x_wconf 87' lang='grc' dir='ltr'><strong><em>οὐκ</em></strong></span> <span class='ocrx_word' id='word_1_232' title='bbox 373 3245 554 3332; x_wconf 84' lang='grc' dir='ltr'><strong><em>ἀσφαλείας</em></strong></span> <span class='ocrx_word' id='word_1_233' title='bbox 576 3248 666 3324; x_wconf 89' lang='grc' dir='ltr'><strong><em>τινὸς</em></strong></span> <span class='ocrx_word' id='word_1_234' title='bbox 688 3246 784 3312; x_wconf 80' lang='grc' dir='ltr'><strong><em>ἕνεκα</em></strong></span> <span class='ocrx_word' id='word_1_235' title='bbox 812 3245 867 3335; x_wconf 85' lang='grc' dir='ltr'><strong><em>(οὐ</em></strong></span> <span class='ocrx_word' id='word_1_236' title='bbox 890 3248 953 3333; x_wconf 76' lang='grc' dir='ltr'><strong><em>γάρ</em></strong></span> <span class='ocrx_word' id='word_1_237' title='bbox 977 3240 1040 3312; x_wconf 84' lang='grc' dir='ltr'><strong><em>οὖν</em></strong></span> <span class='ocrx_word' id='word_1_238' title='bbox 1062 3245 1142 3310; x_wconf 81' lang='grc' dir='ltr'><strong><em>οὐδὲ</em></strong></span> <span class='ocrx_word' id='word_1_239' title='bbox 1164 3245 1302 3329; x_wconf 74' lang='grc' dir='ltr'><strong><em>πύργων</em></strong></span> 
     </span>
     <span class='ocr_line' id='line_1_30' title="bbox 290 3348 1302 3438; baseline -0.003 -21"><span class='ocrx_word' id='word_1_240' title='bbox 290 3353 444 3438; x_wconf 84' lang='grc' dir='ltr'><strong><em>ὀχύρωμα</em></strong></span> <span class='ocrx_word' id='word_1_241' title='bbox 471 3349 569 3438; x_wconf 83' lang='grc' dir='ltr'><strong><em>εἶχεν,</em></strong></span> <span class='ocrx_word' id='word_1_242' title='bbox 598 3354 637 3419; x_wconf 85' lang='grc' dir='ltr'><strong><em>οὐ</em></strong></span> <span class='ocrx_word' id='word_1_243' title='bbox 665 3355 732 3438; x_wconf 82' lang='grc' dir='ltr'><strong><em>μήν</em></strong></span> <span class='ocrx_word' id='word_1_244' title='bbox 759 3354 839 3419; x_wconf 82' lang='grc' dir='ltr'><strong><em>οὐδὲ</em></strong></span> <span class='ocrx_word' id='word_1_245' title='bbox 866 3351 1013 3431; x_wconf 80' lang='grc' dir='ltr'><strong><em>ἐπάλξεις</em></strong></span> <span class='ocrx_word' id='word_1_246' title='bbox 1039 3351 1127 3428; x_wconf 81' lang='grc' dir='ltr'><strong><em>τινὲς</em></strong></span> <span class='ocrx_word' id='word_1_247' title='bbox 1154 3348 1302 3415; x_wconf 83' lang='grc' dir='ltr'><strong><em>ἐνταῦθα</em></strong></span> 
     </span>
    </p>

    <p class='ocr_par' dir='ltr' id='par_1_9' title="bbox 252 3455 1302 3651">
     <span class='ocr_line' id='line_1_31' title="bbox 252 3455 1302 3543; baseline -0.009 -15"><span class='ocrx_word' id='word_1_248' title='bbox 252 3489 274 3530; x_wconf 79' lang='grc' dir='ltr'><strong><em>ιο</em></strong></span> <span class='ocrx_word' id='word_1_249' title='bbox 290 3462 482 3542; x_wconf 82' lang='grc' dir='ltr'><strong><em>πεποίηνται</em></strong></span> <span class='ocrx_word' id='word_1_250' title='bbox 519 3459 600 3524; x_wconf 87' lang='grc' dir='ltr'><strong><em>οὐδέ</em></strong></span> <span class='ocrx_word' id='word_1_251' title='bbox 634 3483 665 3524; x_wconf 91' lang='grc' dir='ltr'><strong><em>τι</em></strong></span> <span class='ocrx_word' id='word_1_252' title='bbox 698 3461 793 3543; x_wconf 86' lang='grc' dir='ltr'><strong><em>άλλο,</em></strong></span> <span class='ocrx_word' id='word_1_253' title='bbox 828 3461 911 3525; x_wconf 82' lang='grc' dir='ltr'><strong><em>ὅθεν</em></strong></span> <span class='ocrx_word' id='word_1_254' title='bbox 942 3458 985 3524; x_wconf 84' lang='grc' dir='ltr'><strong><em>δν</em></strong></span> <span class='ocrx_word' id='word_1_255' title='bbox 1016 3455 1071 3524; x_wconf 82' lang='grc' dir='ltr'><strong><em>καὶ</em></strong></span> <span class='ocrx_word' id='word_1_256' title='bbox 1103 3456 1302 3522; x_wconf 86' lang='grc' dir='ltr'><strong><em>άπύσασθαι</em></strong></span> 
     </span>
     <span class='ocr_line' id='line_1_32' title="bbox 292 3557 1302 3651; baseline -0.004 -21"><span class='ocrx_word' id='word_1_257' title='bbox 292 3557 362 3630; x_wconf 86' lang='grc' dir='ltr'><strong><em>οἷόν</em></strong></span> <span class='ocrx_word' id='word_1_258' title='bbox 384 3589 419 3630; x_wconf 90' lang='grc' dir='ltr'><strong><em>τε</em></strong></span> <span class='ocrx_word' id='word_1_259' title='bbox 441 3561 483 3649; x_wconf 78' lang='grc' dir='ltr'><strong><em>ἦν</em></strong></span> <span class='ocrx_word' id='word_1_260' title='bbox 506 3568 567 3650; x_wconf 80' lang='grc' dir='ltr'><strong><em>τήν</em></strong></span> <span class='ocrx_word' id='word_1_261' title='bbox 590 3565 623 3642; x_wconf 86' lang='grc' dir='ltr'><strong><em>ἐς</em></strong></span> <span class='ocrx_word' id='word_1_262' title='bbox 645 3567 704 3630; x_wconf 90' lang='grc' dir='ltr'><strong><em>τὸν</em></strong></span> <span class='ocrx_word' id='word_1_263' title='bbox 726 3569 905 3651; x_wconf 88' lang='grc' dir='ltr'><strong><em>περίβολον</em></strong></span> <span class='ocrx_word' id='word_1_264' title='bbox 924 3564 1104 3650; x_wconf 85' lang='grc' dir='ltr'><strong><em>ἐπιβουλήν</em></strong></span> <span class='ocrx_word' id='word_1_265' title='bbox 1121 3574 1189 3628; x_wconf 84' lang='grc' dir='ltr'><strong><em>τῶν</em></strong></span> <span class='ocrx_word' id='word_1_266' title='bbox 1206 3566 1302 3627; x_wconf 90' lang='grc' dir='ltr'><strong><em>πολε-</em></strong></span> 
     </span>
    </p>
   </div>
   <div class='ocr_carea' id='block_1_3' title="bbox 0 0 1722 4162">
    <p class='ocr_par' dir='ltr' id='par_1_10' title="bbox 0 0 1722 4162">
     <span class='ocr_line' id='line_1_33' title="bbox 0 0 1722 4162; baseline 0 0"><span class='ocrx_word' id='word_1_267' title='bbox 0 0 1722 4162; x_wconf 95' lang='lat' dir='ltr'><strong><em> </em></strong></span> 
     </span>
    </p>
   </div>
  </div>
 </body>
</html>
