3410 4162
655 146 698 210 46
1046 150 1092 199 ιιι.
1112 149 1282 200 ΠΡΙΣκοΣ.

657 309 767 371 ἀλλων
798 309 884 391 πλήν
915 316 974 372 τοῦ
1006 309 1138 395 καθαρά
1170 304 1256 374 εἶναι
1289 309 1577 394 διαφυλάττουσα·
1622 308 1672 372 καὶ

657 415 733 478 οὔτε
760 414 797 478 τὸ
824 413 1084 500 παρηωρημένον
1110 415 1199 502 αὐτῷ
1226 414 1321 500 ξίφος
1344 415 1420 480 οὔτε
1444 416 1477 480 ολ
1500 426 1572 479 τῶν
1597 419 1670 497 βαρ-

656 523 803 605 βαρικῶν
828 521 1050 606 ὑποδημάτων
1076 523 1192 604 δεσμοί
1219 524 1296 589 οὔτε
1323 533 1383 589 τοῦ
1412 523 1515 588 ἵππου
1539 523 1559 588 ὁ
1587 529 1671 607 χαλι·

657 630 728 711 νός,
758 629 867 713 ὥσπερ
897 639 965 693 τῶν
994 630 1104 694 ἀλλων
1135 634 1294 714 Σκυθῶν,
1324 637 1436 718 χρυσῷ
1463 630 1483 714 ἢ
1512 632 1630 706 λίθοις
1655 633 1669 712 ἴγ

622 758 638 807 ς
657 759 723 799 τινι
742 746 808 799 τῶν
825 737 944 817 τιμίων
966 733 1144 817 ἐκοσμεῖτο.
1183 747 1251 801 τῶν
1274 737 1312 801 δέ
1334 738 1428 815 ὄψων
1449 747 1519 800 τῶν
1542 735 1585 800 ἐν
1609 747 1691 811 τοῖςι

656 842 797 926 πρώτοις
816 840 949 919 πίναξιν
970 841 1191 908 ἐπιτεθέντων
1213 842 1458 909 ἀναλωθέντων
1480 843 1608 919 πάντες
1629 845 1667 907 δι-

657 946 852 1032 ανέστημεν,
880 949 935 1013 καί
962 949 1002 1014 οὐ
1030 952 1191 1035 πρότερον
1218 949 1272 1015 ἐπὶ
1298 951 1358 1015 τὸν
1381 952 1505 1036 δίφρον
1529 949 1668 1024 ἀναστὰς

482 1134 483 1157 ,
655 1050 756 1137 ἦλθε,
786 1053 866 1140 πρὶν
894 1054 914 1139 ή
944 1057 1026 1120 κατά
1052 1058 1114 1140 τήν
1140 1055 1304 1142 προτέραν
1330 1055 1424 1134 τάξιν
1452 1055 1593 1133 ἕκαστος
1617 1057 1668 1138 τήν

0 1172 145 1203 *a*
482 1169 483 1176 ’
657 1158 890 1246 έπιδιδομένην
926 1163 1013 1251 αὐτῷ
1047 1169 1143 1228 οίνου
1179 1168 1285 1249 πλήρη
1323 1162 1427 1242 ἐξέπιε
1459 1164 1583 1228 κύλικα
1618 1164 1668 1226 τὸν

649 1265 803 1351 Ἀττήλαν
826 1279 895 1334 σῶν
918 1265 1002 1335 εἶναι
1027 1269 1250 1352 ἐπευξάμενος.
1292 1272 1347 1336 καί
1369 1280 1490 1336 τοῦτον
1511 1268 1688 1354 τιμηθέν-ι

655 1397 711 1449 τος
747 1374 850 1440 αὐτοῦ
886 1377 946 1441 τὸν
981 1379 1105 1462 τρόπον
1141 1375 1386 1461 ἐκαθέσθημεν,
1422 1375 1477 1441 καὶ
1514 1377 1667 1461 δεύτερος

656 1478 773 1566 ἑκάστη
801 1481 938 1568 τραπέζη
967 1481 1136 1548 ἐπετίθετο
1163 1481 1260 1561 πίναξ
1289 1482 1383 1569 ἕτερα
1405 1485 1490 1567 ἔχων
1513 1481 1665 1564 ἐδώδιμα.

656 1588 699 1663 ὡς
729 1588 767 1652 δὲ
795 1590 851 1654 καλ
880 1589 984 1654 αὐτοῦ
1011 1591 1043 1654 ολ
1070 1591 1190 1666 πάντες
1216 1589 1406 1674 μετέλαβον,
1434 1589 1559 1677 καὶτῷ
1587 1587 1667 1675 αὐτῷ

621 1692 888 1771 τέξαναστάντες
905 1698 1015 1784 τρόπῳ
1033 1691 1133 1773 αὖθις
1152 1695 1318 1773 ἐκπιόντες
1331 1695 1573 1780 ἐκαθέσθημεν.
1606 1695 1665 1761 ἐπι-
1703 1741 1704 1746 1

487 1885 488 1900 ρ
656 1798 834 1884 γενομένης
857 1801 894 1866 δὲ
917 1799 1053 1888 ἑσπέρας
1077 1804 1176 1888 δᾷδες
1199 1802 1410 1888 ἀνήφθησαν,
1432 1803 1494 1868 δύο
1518 1803 1558 1867 δὲ
1581 1803 1687 1868 ἀντι-ι

486 1917 489 1972 ἶ
544 1966 548 1982 ,
654 1909 718 1992 κρὺ
741 1917 801 1973 τοῦ
818 1905 951 1992 Ἀττήλα
968 1911 1191 1994 παρελθόντες
1208 1910 1370 1996 βάρβαροι
1389 1907 1516 1996 ᾅσματα
1533 1932 1664 1993 πεποιη-

488 2021 489 2028 ’
654 2013 737 2095 μένα
756 2017 872 2098 ἔλεγον
890 2018 983 2093 νίκας
1001 2016 1104 2081 αὐτοῦ
1123 2014 1178 2081 καὶ
1197 2018 1253 2093 τάς
1271 2017 1353 2081 κατὰ
1370 2018 1514 2098 πόλεμον
1531 2014 1665 2102 ᾅδοντες

655 2120 783 2204 ἀρετάς·
816 2120 849 2198 ές
876 2121 935 2198 οὓς
962 2124 994 2188 οί
1017 2132 1074 2206 τής
1097 2122 1235 2208 εὐωχίας
1258 2122 1451 2206 ἀπέβλεπον,
1474 2121 1529 2187 καλ
1553 2125 1587 2188 ολ
1611 2125 1666 2206 μὲν

492 2233 493 2236 ’
584 2270 585 2273 =
655 2229 777 2310 ήδοντο
800 2239 869 2305 τοῖς
892 2232 1080 2313 ποιήμασιν,
1104 2230 1136 2295 οἱ
1160 2230 1198 2295 δὲ
1220 2241 1287 2294 τῶν
1309 2227 1461 2311 πολέμων
1487 2228 1664 2313 ἀναμιμνη-

656 2337 809 2415 σκόμενοι
838 2337 1043 2421 διηγείροντο
1072 2346 1141 2413 τοῖς
1167 2339 1387 2422 φρονήμασιν,
1411 2337 1504 2401 ἀλλοι
1528 2337 1568 2401 δὲ
1591 2335 1686 2421 ἔχων

656 2465 739 2526 ρουυ
762 2440 795 2518 ἐς
818 2442 960 2527 δάκρυα,
984 2437 1032 2506 ὧν
1053 2442 1118 2508 ὑπὸ
1141 2452 1201 2508 τοῦ
1220 2445 1343 2528 χρόνου
1362 2441 1499 2526 ἠσθένει
1518 2443 1555 2506 τὸ
1577 2455 1665 2525 σῶμα

655 2546 709 2612 καί
732 2547 906 2632 ἡσυχάζειν
930 2547 947 2612 ὁ
970 2550 1079 2631 θυμὸς
1101 2550 1307 2632 ἠναγκάζετο.
1433 2576 1435 2580 ·
1481 2567 1482 2570 ’

492 2713 496 2742 v<
620 2673 635 2720 8
722 2656 817 2719 Μετά
840 2654 940 2719 δὲτὰ
963 2652 1090 2740 ᾅσματα
1112 2657 1251 2740 Σκύθης
1273 2680 1322 2732 τις
1344 2655 1522 2741 παρελθὼν
1547 2679 1664 2742 φρενο·

494 2746 497 2760 ’
655 2765 792 2846 βλαβής,
811 2761 971 2827 ἀλλόκοτα
988 2759 1043 2826 καὶ
1061 2763 1237 2848 παράσημα
1254 2760 1309 2826 καὶ
1328 2761 1429 2826 οὐδὲν
1447 2761 1538 2844 ὑγιὲς
1560 2770 1663 2846 φθεγ-
1701 2779 1702 2784 ’

655 2871 806 2952 γόμενος,
843 2867 876 2945 ἐς
908 2867 1033 2952 γέλωτα
1063 2869 1187 2946 πάντας
1223 2869 1445 2955 παρεσκεύασε
1477 2873 1687 2953 παρελθεῖνι

654 2973 729 3056 μεθ’
752 2974 792 3040 ὃν
815 2975 983 3060 ὑπεισῆλθε
1008 2973 1143 3061 Ζέρκων
1166 2975 1184 3041 ὁ
1207 2975 1438 3061 Μαυρούσιος·
1462 2974 1562 3060 ὁγὰρ
1577 2973 1663 3041 Ἐδέ-

655 3106 723 3146 κων
753 3083 855 3148 αὐτὸν
881 3083 969 3169 παρά
995 3083 1054 3148 τὸν
1074 3080 1230 3166 Ἀττήλαν
1257 3080 1371 3147 ἐλθεῖν
1397 3079 1595 3167 παρέπεισεν
1621 3083 1662 3158 ὡς

655 3199 693 3274 τῇ
713 3187 842 3254 ἐκείνου
861 3191 990 3275 σπουδή
1009 3191 1070 3273 τήν
1088 3190 1231 3274 γαμετήν
1250 3188 1512 3272 ἀποληψόμενον,
1526 3187 1568 3270 ἣν
1584 3191 1662 3253 κατὰ

654 3297 714 3378 τήν
736 3305 803 3360 τῶν
825 3297 1003 3382 βαρβάρων
1021 3298 1149 3381 εἰλήφει
1167 3296 1278 3382 χώραν
1296 3303 1341 3382 τῷ
1356 3296 1472 3382 Βλήδρι
1489 3297 1659 3379 περισπού-

654 3403 772 3479 δαστος
791 3403 847 3468 ὥν.
886 3402 1090 3469 ἀπελελοίπει
1109 3403 1147 3468 δὲ
1165 3403 1269 3486 αὐτὴν
1291 3399 1329 3466 ἐν
1346 3409 1385 3486 τῇ
1405 3405 1560 3486 Σκυθικῇ
1577 3403 1683 3487 παράν

619 3526 635 3574 9
654 3518 714 3573 τοῦ
731 3507 864 3593 Ἀττήλα
883 3511 992 3595 δῶρον
1009 3507 1116 3596 Ἀετίῳ
1135 3510 1308 3593 πεμφθείς.
1346 3506 1428 3572 ἀλλά
1446 3517 1503 3591 τῆς
1520 3507 1579 3589 μὲν
1597 3531 1655 3574 τοι-
