3410 4162
631 227 663 278 V.
682 225 907 277 ΠΡΟΚΟΠΙΟΣ,
1227 222 1271 286 27

255 384 417 463 ἐξελάσας
443 380 549 468 ἦλθεν
576 387 650 469 άχχι
677 395 737 450 τοῦ
761 383 925 466 Ῥωμαίων
956 395 1097 471 στρατοῦ
1128 385 1270 472 προύκα-

255 495 350 557 λεῖτό
379 515 428 574 τε,
457 498 491 556 εί
512 516 562 569 τις
584 493 753 576 βούλοιτο,
774 493 856 577 πρὸς
877 494 1080 576 μονομαχίαν
1102 490 1271 569 ἐπεξιέναι.

257 599 278 663 ὁ
318 597 358 664 δὲ
394 600 504 674 Κόττας
539 593 636 674 οὗτος
677 590 724 675 εἷς
759 609 826 664 τῶν
864 595 1028 680 Ῥωμαίων
1064 610 1272 683 στρατιωτῶν

257 703 445 788 ἐτύγχανεν
468 705 516 770 ὢν
537 715 605 770 τῶν
622 707 710 790 παρά
733 707 880 770 Τωτίλαν
898 703 1214 788 άπηυτομοληκότων
1232 705 1271 768 τά

258 813 416 895 πρότερα.
461 814 519 876 καί
543 812 575 876 οἱ
603 812 719 876 αὐτίκα
745 801 813 876 τῶν
835 835 885 888 τις
906 815 1045 897 Ναρσοῦ
1073 811 1271 896 δορυφόρων

258 917 377 993 άντίος
411 913 510 1000 ἦλθε,
547 915 644 1000 γένος
672 915 851 1002 Ἀρμένιος,
882 916 1031 996 Ἀνξαλάς
1067 919 1184 999 όνομα,
1216 915 1271 981 καὶ

258 1023 363 1100 αὐτὸς
399 1023 487 1110 ’ίππφ
519 1023 706 1107 ὀχούμενος.
752 1023 770 1088 ὁ
801 1023 862 1104 μὲν
894 1018 956 1088 οὖν
987 1027 1096 1100 Κόκας
1128 1023 1272 1108 ὁρμήσας

256 1140 391 1214 πρῶτος
418 1129 463 1205 ὡς
489 1136 534 1217 τῷ
559 1131 672 1214 δόρατι
698 1131 826 1194 παίσων
853 1127 906 1194 ἐπὶ
931 1131 990 1194 τὸν
1016 1128 1175 1211 πολέμιον
1204 1129 1270 1194 ἵετο

257 1237 579 1319 καταστοχαζόμενος
605 1245 663 1318 τῆς
685 1233 814 1302 ἐκείνου
837 1238 983 1321 γαστρός.
1028 1235 1046 1300 ὁ
1070 1236 1107 1300 δὲ
1122 1235 1272 1314 Ἀνζαλᾶς

261 1340 459 1419 ἐξαπιναίως
485 1343 545 1408 τὸν
571 1342 673 1408 ἵππον
700 1340 849 1418 ἐκκλίνας
872 1341 1034 1425 ἀνόνητον
1056 1342 1158 1406 αὐτὸν
1180 1365 1272 1406 κατε-

260 1451 405 1532 στήσατο
432 1445 590 1531 γενέσθαι
614 1457 672 1531 τῆς
695 1450 816 1526 οἰκείας
838 1448 947 1534 ὁρμῆς.
992 1448 1093 1533 ταύτῃ
1116 1471 1151 1512 τε
1175 1449 1272 1523 αὐτὸς

261 1553 300 1620 ἐκ
322 1557 465 1638 πλαγίου
488 1563 548 1619 τοῦ
571 1557 729 1638 πολεμίου
753 1558 927 1637 γενόμενος
950 1552 983 1631 ές
1003 1554 1150 1637 πλευρὰν
1169 1554 1271 1618 αὐτοῦ

260 1663 325 1744 τὴν
348 1661 524 1747 ἀριστερὰν
546 1662 582 1726 τὸ
606 1662 688 1745 δόρυ
711 1656 784 1727 ὦσε.
828 1659 883 1726 καὶ
906 1661 924 1726 ό
947 1661 1009 1743 μὲν
1031 1659 1068 1724 ἐκ
1089 1669 1150 1725 τοῦ
1169 1661 1271 1724 ἵππου

261 1768 374 1832 πεσὼν
396 1766 430 1843 ἐς
451 1769 488 1832 τὸ
512 1769 634 1851 ἔδαφος
656 1768 771 1853 νεκρὸς
789 1769 906 1832 ἔκειτο·
929 1768 1056 1852 κραυγὴ
1075 1767 1112 1831 δὲ
1131 1766 1193 1831 ἀπὸ
1212 1775 1271 1831 τοῦ

259 1872 426 1954 Ῥωμαίων
457 1883 599 1959 στρατοῦ
631 1873 803 1958 ὑπερφυὴς
834 1876 937 1959 ἤρθη,
975 1871 1046 1939 οὐδ’
1079 1872 1124 1949 ὣς
1159 1871 1271 1954 μέντοι

262 1980 368 2063 μάχης
393 1981 483 2056 τινὸς
510 1978 677 2065 οὐδέτεροι
704 1975 815 2065 ἦρξαν.
866 1983 1008 2056 Τωτίλας
1039 1975 1075 2044 δὲ
1104 1981 1205 2060 μόνος
1235 1977 1306 2043 έντ

263 2089 441 2174 μεταιχμίῳ
471 2085 600 2169 ἐγένετο
628 2087 667 2152 οὐ
694 2089 942 2170 μονομαχήσων,
970 2085 1052 2150 ἀλλὰ
1075 2085 1134 2149 τὸν
1155 2086 1272 2169 καιρὸν

263 2201 336 2267 τοῖς
362 2190 524 2269 ἐναντίοις
550 2191 747 2278 έκκρούσωυ.
794 2195 934 2258 Γότθων
962 2193 1024 2276 γάρ
1052 2193 1130 2267 τοὺς
1157 2190 1271 2256 ἀπολε-

265 2297 459 2380 λειμμένους
485 2300 667 2382 δισχιλίους
694 2299 830 2382 άχχιστα
856 2296 1029 2385 προσιέναι
1054 2297 1173 2382 μαθὼν
1196 2296 1271 2360 άπε-

265 2407 378 2469 τίδετο
402 2403 434 2481 ές
456 2406 516 2488 τὴν
544 2405 653 2469 αὐτῶν
675 2407 860 2488 παρουσίαν
881 2406 943 2488 τὴν
965 2403 1142 2488 ξυμβολήν,
1170 2400 1271 2467 ἐποίει

266 2507 304 2575 δὲ
336 2511 426 2574 τάδε·
467 2523 579 2596 πρῶτα
609 2507 671 2592 μέν
702 2504 764 2575 ούν
795 2510 888 2594 ἠξίου
920 2521 989 2588 τοῖς
1019 2511 1186 2590 πολεμίοις
1220 2507 1271 2572 έν-

266 2619 477 2700 δείκνυσθαι,
505 2616 594 2693 ὅστις
622 2613 701 2681 ποτε
728 2623 787 2700 είη.
832 2620 893 2701 τήν
920 2641 955 2682 τε
982 2619 1044 2703 γάρ
1070 2626 1137 2681 τῶν
1160 2614 1272 2679 ὅπλων

268 2724 389 2806 σκευὴν
410 2725 596 2809 κατακόρως
617 2731 662 2810 τῷ
682 2730 793 2810 χρυσῷ
811 2721 1070 2806 κατειλημμένην
1094 2723 1271 2805 ἠμπίσχετο

266 2827 410 2894 καὶτῶν
433 2829 464 2894 οἱ
488 2829 645 2915 φαλάρων
667 2831 787 2910 κόσμος
809 2831 845 2894 ἔκ
867 2853 902 2894 τε
924 2838 984 2895 τοῦ
1007 2832 1106 2893 πίλου
1133 2825 1271 2892 καὶτοῦ

268 2937 404 3019 δόρατος
426 2934 587 3020 άλουργός
608 2959 644 2999 τε
666 2933 719 3000 καὶ
743 2937 849 3012 άλλως
875 2939 1004 3018 βασιλεῖ
1025 2933 1160 3019 πρέπων
1183 2930 1271 3018 ἐκρέ-

268 3063 350 3123 ματο
371 3042 562 3123 θαυμαστὸς
584 3041 669 3118 ὅσος.
713 3042 767 3106 καὶ
791 3042 888 3118 αὐτὸς
910 3042 1075 3126 ὑπερφυεῖ
1093 3039 1272 3124 ὀχούμενος

267 3150 356 3235 ἵππῳ
382 3149 517 3212 παιδιάν
544 3145 581 3212 ἐν
607 3150 783 3235 μεταιχμίῳ
810 3149 918 3227 ἔπαιζε
944 3148 1005 3230 τὴν
1027 3145 1180 3211 ἐνόπλιον
1204 3143 1271 3212 ἐπια

269 3252 440 3335 σταμένως.
462 3297 464 3299 -
489 3255 547 3319 τόν
573 3277 608 3318 τε
636 3255 697 3339 γάρ
725 3254 826 3318 ίππον
853 3253 890 3318 ἐν
917 3255 1026 3341 νύνλφ
1055 3254 1272 3338 περιελίσσων

270 3359 324 3425 ἐπὶ
342 3360 465 3446 θάτερά
482 3383 518 3425 τε
536 3358 752 3446 ἀναστρέφων
770 3354 870 3436 αὖθις
888 3365 1095 3445 κυκλοτερεῖς
1114 3360 1271 3440 πεποίητο

255 3469 418 3550 ιδρόμους.
454 3465 509 3532 καὶ
532 3468 748 3548 ίππευόμενος
769 3468 878 3548 μεθίει
901 3475 971 3542 ταῖς
989 3466 1106 3552 αὔραις
1123 3466 1159 3529 τὸ
1179 3466 1271 3548 δόρυ,

272 3570 325 3637 ἀπ’
353 3573 460 3638 αὐτῶν
487 3597 522 3639 τε
550 3574 808 3659 κραδαινόμενον
836 3572 983 3658 ἁρπάσας
1011 3570 1112 3653 μέσον
1140 3566 1209 3635 εἶτα
1236 3568 1272 3635 ἐκ

1083 3674 1118 3726 4*
