3410 4162
641 169 688 219 111.
707 169 932 221 Πεοκοπεοε.
1251 170 1291 233 15

267 327 491 415 αἱρουμένων
513 331 574 412 τήν
597 327 787 414 ἐφεστῶσαν
810 328 915 414 ἀρχὴν
942 327 1113 413 ξυμβαίνει
1141 330 1292 415 ἀρέσκειν

266 433 340 518 μὲν
372 419 485 522 ἐντῷ
514 439 712 522 παραυτίκα,
743 427 793 512 οἷς
819 435 862 501 ἀν
888 434 926 501 ἐν
952 437 1055 524 ἡδονῇ
1083 439 1123 502 τά
1150 441 1291 524 πρασσό-

268 567 363 624 μενα
391 535 428 627 ή,
456 547 573 607 λυπεῖν
600 541 651 625 δέ,
678 541 721 626 ήν
747 551 805 626 τής
827 544 958 626 γνώμης
980 541 1033 607 ἀπ’
1056 541 1209 621 ἐναντίας
1229 569 1291 628 χω-

270 653 422 735 ρήσειεν.
459 647 538 732 ’Έτη
562 645 598 714 δέ
621 647 771 733 ἐπιβιοὺς
794 647 873 714 ἑπτά
896 648 951 715 καὶ
973 650 1148 736 τριάκοντα
1166 649 1292 715 ἐτελεύ-

271 773 377 840 τησε,
418 756 562 842 φοβερὸς
597 751 659 838 μὲν
694 765 764 832 τοῖς
798 759 965 838 πολεμίοις
1001 757 1145 839 γεγονὼς
1180 757 1291 840 ἅπασι,

270 865 392 927 πόθον
425 858 462 926 δὲ
490 863 593 928 αὑτοῦ
620 863 728 927 πολύν
754 887 830 927 τινα
856 861 891 939 ἐς
916 865 994 940 τοὺς
1020 863 1185 946 ὑπηκόους
1213 863 1292 928 ἀπο-

272 970 397 1034 λιπών.
442 967 631 1052 ἐτελεύτησε
655 965 692 1034 δὲ
714 971 823 1057 τρόπῳ
848 971 974 1056 τοιῷδε.

349 1076 529 1160 Σύμμαχος
554 1074 609 1140 καὶ
636 1074 785 1159 Βοέτιος,
813 1075 831 1141 ὁ
858 1076 979 1140 τούτου
1006 1079 1165 1162 γαμβρός,
1194 1076 1327 1142 εὐπα-4

274 1183 391 1268 τρίδαι
413 1179 476 1264 μὲν
498 1182 535 1245 τὸ
558 1180 723 1248 ἀνέκαθεν
745 1184 859 1266 ἤστην,
881 1184 998 1267 πρώτω
1022 1179 1059 1247 δέ
1086 1185 1210 1266 βουλῆς
1235 1192 1293 1266 τῆς

256 1287 446 1370 ,Ῥωμαίων
468 1286 523 1353 καί
546 1287 658 1352 ὑπάτω
682 1286 872 1372 ἐγενέσθην.
909 1290 1006 1373 ἀμφω
1029 1312 1065 1352 τε
1089 1293 1292 1373 φιλοσοφίαν

277 1395 465 1478 ἀσκήσαντι
505 1393 560 1459 καὶ
597 1395 810 1478 δικαιοσύνης
849 1392 1114 1479 ἐπιμελησαμὲνω
1156 1396 1293 1472 οὐδενὸς

276 1497 396 1585 ήσσον,
419 1505 554 1578 πολλοῖς
576 1523 611 1566 τε
634 1499 744 1566 ἀστῶν
766 1499 821 1565 καὶ
844 1499 948 1578 ξένων
970 1505 1111 1587 χρήμασι
1134 1501 1195 1584 τήν
1213 1501 1293 1566 ἀπο·

277 1610 359 1692 ρίαν
388 1607 551 1690 λασαμένω
579 1605 634 1673 καὶ
658 1606 754 1691 δόξης
776 1605 829 1672 ἐπὶ
852 1606 935 1691 μέγα
957 1611 1146 1694 χωρήσαντι
1169 1609 1292 1694 ἀνδρας

277 1712 316 1790 ἐς
343 1717 475 1797 φθόνον
499 1716 578 1792 τοὺς
599 1715 816 1801 πικροτάτους
838 1713 1050 1798 ἐπηγαγέτην.
1096 1705 1147 1791 οἷς
1169 1715 1210 1797 δή
1234 1731 1292 1778 συ-

253 1830 486 1904 ικοφαντοῦσι
525 1819 724 1907 Θευδέριχος
760 1820 987 1904 ἀναπεισθείς,
1028 1821 1084 1885 ἀτε
1120 1819 1293 1906 νεωτέροις

277 1928 470 2012 πράγμασιν
497 1925 741 2014 ἐγχειροῦντας,
770 1928 815 1992 τὼ
839 1929 940 2013 ἀνδρε
962 1928 1067 1992 τούτω
1091 1930 1214 1993 ἔκτεινε
1236 1925 1292 1992 καὶ

277 2035 322 2098 τά
358 2038 504 2120 χρήματα
540 2033 574 2111 ἐς
609 2035 646 2099 τὸ
683 2035 842 2118 δημόσιον
878 2033 1070 2119 ἀνάγραπτα
1107 2032 1291 2118 ἐποιήσατο.

279 2140 473 2206 δειπνοῦντι
514 2140 554 2205 δέ
591 2141 623 2206 ol
660 2141 787 2223 ὀλίγαις
827 2138 962 2226 ἡμέραις
996 2139 1137 2225 ὕστερον
1174 2142 1326 2225 λχθύοςσ

279 2247 425 2330 μεγάλου
455 2247 603 2331 κεφαλήν
634 2248 666 2311 ολ
698 2247 902 2332 θεράποντες
933 2247 1163 2332 παρετίθεσαν.
1209 2247 1290 2332 αὕτη

252 2353 470 2441 οΘευδερίχφ
493 2351 584 2431 ἔδοξε
606 2354 732 2437 κεφαλή
756 2353 940 2437 Συμμάχου
962 2363 1171 2437 νεοσφαγοῦς
1195 2349 1291 2420 εἶναι.

280 2457 337 2524 καὶ
363 2469 432 2536 τοῖς
457 2455 519 2542 μὲν
546 2460 686 2525 ὀδοῦσιν
712 2457 746 2536 ἐς
772 2463 880 2543 χεῖλος
905 2459 942 2523 τὸ
970 2459 1056 2524 κάτω
1079 2457 1290 2544 ἐμπεπηγόσι,

280 2574 351 2640 τοῖς
377 2561 413 2629 δὲ
441 2565 629 2650 ὀφθαλμοῖς
655 2568 821 2652 βλοσυρόν
848 2589 880 2630 τι
908 2563 962 2630 καὶ
989 2565 1129 2648 μανικὸν
1157 2566 1290 2651 δρῶσιν,

281 2671 474 2736 ἀπειλοῦντί
501 2673 533 2737 οἱ
562 2670 616 2736 ἐπὶ
644 2677 800 2737 πλεῖστον
830 2669 933 2760 ἐφ’κει.
978 2673 1130 2758 περιδεὴς
1162 2669 1199 2736 δὲ
1230 2681 1289 2737 τοῦ

280 2775 413 2862 τέρατος
439 2785 485 2865 τῷ
511 2779 752 2864 ὑπερβάλλοντι
779 2779 924 2862 γεγονώς
950 2777 1005 2843 καὶ
1032 2778 1175 2863 ῥιγώσεις
1201 2777 1290 2843 ἐκτό-

254 2905 350 2960 επως
371 2881 404 2962 ἐς
426 2887 540 2969 κοίτην
563 2886 623 2969 τήν
647 2885 749 2950 αὑτοῦ
773 2885 961 2971 ἀπεχώρησε
984 2887 1108 2972 δρόμῳ,
1131 2885 1290 2969 τριβώνιά

281 3013 317 3054 τε
352 2992 456 3056 πολλά
492 2994 524 3058 οἱ
555 2990 721 3057 ἐπιθεῖναι
753 2993 910 3068 κελεύσας
941 2991 1087 3076 ἡσύχαζε.
1141 2992 1221 3072 μετά
1253 2987 1290 3054 δέ

281 3098 408 3162 ἀπάντα
440 3096 473 3174 ἐς
500 3096 668 3164 Ἐλπίδιον
699 3099 759 3163 τὸν
790 3099 904 3184 ἰατρὸν
935 3099 975 3162 τὰ
1007 3095 1212 3180 ξυμπεσόντα
1240 3095 1290 3174 ἐξ-

281 3204 425 3286 ενεγκὼν
451 3206 512 3288 τήν
541 3203 575 3281 ἐς
602 3206 784 3290 Σύμμαχόν
810 3229 846 3270 τε
872 3203 927 3269 καί
954 3202 1093 3269 Βοέτιον
1120 3203 1290 3289 ἁμαρτάδα

282 3312 418 3374 ἔκλαιεν.
463 3309 672 3388 ἀποκλαύσας
694 3307 731 3376 δέ
753 3309 807 3375 καὶ
830 3314 1050 3397 περιαλγήσας
1071 3319 1110 3396 τῇ
1134 3317 1290 3395 συμφορᾷ

252 3441 269 3478 ιο
283 3415 322 3480 οὐ
344 3419 453 3502 πολλῷ
472 3416 613 3502 ὕστερον
635 3415 854 3501 ἐτελεύτησεν,
878 3416 1019 3500 ἀδίκημα
1041 3425 1290 3502 τοῦτοπρῶτον

282 3519 336 3585 καὶ
362 3526 550 3587 τελευταῖον
578 3522 611 3600 ἐς
637 3527 715 3599 τοὺς
741 3525 906 3609 ὑπηκόους
928 3526 1006 3600 τοὺς
1029 3523 1132 3588 αὑτοῦ
1155 3523 1288 3608 δράσας,
