3410 4162
569 212 614 260 xv.
634 211 860 265 1112011011102
1183 211 1222 273 17

306 370 456 454 ύργους
480 370 660 457 περαιτέρω
684 381 790 436 κινεῖν
813 373 845 437 ολ
868 369 1018 452 πολέμιοι
1037 367 1128 456 εἶχον
1147 373 1224 438 οὔτε

304 479 551 559 τεχνήσασθαι
586 477 846 563 άποκρουόμενοι
878 475 916 543 ἐν
948 478 1036 564 αὐτῷ
1064 486 1110 566 τῷ
1138 481 1223 566 ἔργῳ

326 578 436 664 ἦσαν.
481 584 568 648 οὕτω
587 607 623 649 τε
640 587 840 669 Βελισαρίου
863 584 883 668 ἡ
906 586 1046 669 πρόνοια
1068 582 1223 669 ἐγνώσθη

304 689 321 771 ή
358 687 538 754 ἑκαστάτω
569 692 667 766 ὄντας
697 693 775 767 τοὺς
803 693 980 772 πολεμίους
1011 687 1224 756 ἀναστέλλειν

304 803 395 876 θαι,
417 794 478 860 καὶ
497 796 547 862 ὅτι
566 793 674 885 νελῴη
692 798 753 880 τήν
771 809 838 862 τῶν
856 797 1035 883 βαρβάρων
1053 797 1223 882 εὐήθειαν,

311 905 402 984 βόας
427 902 598 986 περιάξειν
617 901 651 980 ἐς
669 914 736 968 τῶν
759 902 921 968 ἐναντίων
938 904 976 968 τὸ
994 913 1101 988 τεῖχος
1118 903 1224 980 οὕτως

304 1007 451 1086 ῖκέπτως
478 1007 597 1074 ἐλπίδα
624 1005 723 1094 εἶχον.
769 1019 872 1074 ταῦτα
893 1005 955 1090 μέν
978 1008 1063 1094 ἀμφὶ
1086 1014 1223 1075 Βελισα-

304 1116 423 1198 πύλην
458 1113 623 1198 ἐγένοντο.
675 1117 825 1198 Οὐίτιγις
856 1112 894 1180 δέ
925 1117 1026 1202 ταύτῃ
1060 1117 1258 1202 άποκρου-4

331 1223 481 1286 Γότθων
517 1218 578 1303 μὲν
620 1224 777 1307 στρατιάν
819 1223 947 1305 πολλὴν
984 1223 1086 1288 αὐτοῦ
1123 1225 1223 1306 εἴασε,

304 1352 357 1410 ’γα
391 1323 430 1392 ὃέ
464 1329 575 1392 αὐτῶν
606 1331 749 1411 βαθεῖαν
776 1329 894 1411 κομιδή
923 1330 1142 1412 ποιησάμενος
1169 1329 1223 1395 καὶ

304 1437 464 1518 ἰ’ρχουσιν
492 1433 675 1512 ἐπιστείλας
701 1436 893 1520 προσβολήν
919 1431 981 1516 μὲν
1008 1436 1138 1518 μηδαμῆ
1161 1445 1222 1502 τοῦ

304 1543 383 1606 ίλου
408 1548 594 1625 ποιεῖσθαι,
616 1540 778 1623 μένοντας
801 1539 837 1606 δέ
861 1540 898 1606 ἐν
920 1540 1008 1619 τάξει
1031 1542 1167 1625 βάλλειν
1188 1565 1222 1606 τε

304 1675 308 1710 t
337 1646 373 1724 ἐς
400 1651 459 1724 τὰς
486 1647 633 1726 ἐπάλξεις
661 1646 716 1714 καὶ
739 1649 784 1726 ὡς
805 1649 923 1732 ήκιστα
946 1651 1130 1736 Βελισαρίῳ
1153 1673 1222 1714 και-

304 1753 467 1819 ἒνδιὸόναι
490 1753 685 1838 ἐπιβοηθεῖν
713 1751 877 1839 ἑτέρωθεν
904 1763 964 1820 τοῦ
992 1758 1135 1839 τείχους,
1159 1755 1221 1838 ὅπη

304 1862 373 1936 ἰτὸς
396 1863 618 1948 προσβάλλειν
640 1859 741 1947 μέλλη
766 1868 894 1948 στρατῷ
913 1864 1053 1944 πλείονι,
1077 1863 1163 1926 οὕτω
1187 1886 1222 1927 τε

320 1969 429 2050 πύλην
453 1971 699 2052 Πραινεστίνων
726 1966 779 2032 ἐπὶ
806 1977 927 2052 μοῖραν
950 1977 1010 2032 τοῦ
1033 1970 1222 2052 περιβόλου,

304 2083 418 2155 ωμαῖοι
442 2075 597 2159 βιβάριον
619 2079 772 2156 καλοῦσι,
796 2072 850 2138 καὶ
874 2066 894 2159 ᾗ
917 2075 954 2138 τὸ
978 2083 1084 2157 τεῖχος
1107 2071 1221 2155 ἐπιμα-

304 2203 357 2244 τον
374 2179 521 2263 μάλιστα,
540 2185 650 2268 πολλῷ
670 2189 798 2268 στρατῷ
817 2177 880 2265 ήει,
899 2178 1082 2263 ἐτύγχανον
1101 2177 1138 2245 δέ
1156 2182 1219 2264 ήδη

304 2284 429 2370 ιηχαναὶ
452 2288 547 2350 άλλαι
569 2288 707 2372 πύργων
730 2311 765 2352 τε
788 2285 843 2352 καλ
866 2297 970 2371 κριῶν
993 2285 1048 2351 καὶ
1067 2289 1221 2368 κλίμακες

304 2392 331 2456 αὶ
356 2391 498 2457 ἐνταῦθα
521 2387 627 2458 οὖσαι.

304 2505 334 2562 ἐν
364 2499 464 2586 τούτῳ
496 2495 533 2564 δέ
562 2502 702 2564 Γότθων
728 2501 897 2586 προσβολή
926 2498 1020 2584 ἑτέρα
1047 2497 1081 2576 ἐς
1110 2500 1220 2582 πύλην
1233 2500 1254 2563 '5

304 2607 386 2688 ηλίαν
412 2603 534 2688 ἐγίνετο
562 2609 671 2694 τρόπῳ
698 2608 823 2694 τοιῷδε.
865 2604 1042 2690 Ἀδριανοῦ
1066 2615 1126 2670 τοῦ
1146 2603 1220 2670 Ῥω-

306 2736 325 2775 ν
346 2712 577 2798 αὐτοκράτορος
599 2713 703 2797 τάφος
726 2711 786 2790 ἐξω
805 2712 910 2796 πύλης
929 2712 1099 2796 Αὐρηλίας
1117 2710 1218 2794 ἐστίν,

304 2843 348 2882 ων
372 2827 427 2883 τοῦ
451 2822 628 2904 περιβόλου
656 2819 736 2884 ὅσον
764 2821 864 2884 λίθου
892 2821 1006 2902 βολήν,
1034 2817 1143 2899 θέαμα
1167 2821 1219 2882 λό-

312 2929 425 2990 πολλοῦ
451 2923 551 3003 ἄξιον.
596 2927 768 3010 πεποίηται
798 2927 861 3011 γάρ
885 2923 921 2990 ἐκ
949 2927 1050 3015 λίθου
1075 2927 1218 3008 Παρίου,

304 3033 331 3095 οἱ
353 3033 435 3096 λίθοι
456 3030 487 3108 ἐς
510 3032 672 3116 ἀλλήλους
694 3032 878 3114 μεμύκασιν
903 3026 1003 3095 οὐδὲν
1027 3031 1106 3094 άλλο
1126 3027 1219 3107 ἐντὸς

304 3162 358 3214 τες.
398 3141 530 3224 πλευραί
550 3161 584 3203 τε
608 3139 710 3204 αὐτοῦ
735 3135 889 3223 τέσσαρές
912 3138 998 3200 εἰσιν
1024 3141 1092 3202 ίσαι
1121 3136 1218 3221 άλλή-

308 3294 315 3327 ,
348 3239 432 3330 εὖρος
459 3241 518 3326 μέν
551 3246 669 3329 σχεδόν
701 3267 733 3310 τι
764 3243 798 3321 ἐς
829 3246 930 3308 λίθου
962 3244 1067 3326 βολήν
1100 3242 1217 3326 ἑκάστη

304 3369 358 3434 ισα,
382 3361 471 3434 μῆκος
497 3347 533 3416 δέ
560 3348 644 3437 ὑπὲρ
672 3352 709 3415 τὸ
732 3359 790 3433 τῆς
811 3351 936 3426 πόλεως
959 3359 1073 3434 τεῖχος.
1119 3349 1217 3433 άγάλ-

304 3459 365 3521 άτε
385 3459 443 3522 άνω
465 3457 499 3523 ἐκ
521 3461 623 3523 λίθου
646 3455 710 3522 εἰσὶ
733 3465 793 3522 τοῦ
817 3456 920 3522 αὐτοῦ
945 3457 1078 3542 ἀνδρῶν
1105 3454 1217 3520 τεκαὶ

304 3589 338 3628 ον
358 3565 508 3646 θαυμάσια
532 3557 598 3629 οἷα·
621 3572 741 3628 τοῦτον
765 3563 806 3646 δή
829 3565 889 3628 τὸν
907 3565 1015 3648 τάφον
1033 3564 1065 3627 ολ
1083 3561 1217 3626 παλαιοὶ

304 3678 419 3729 Ἶοτὶλεςίωιι
431 3677 534 3718 Graecum
548 3678 596 3717 XV.
1040 3672 1055 3717 3
