3410 4162
678 153 710 205 V.
729 152 953 203 ΠΡΟΚΟῘΠΟΣ.
1276 149 1316 212 31

296 316 425 400 πολλῷ
458 313 495 376 δὲ
530 311 670 397 ὕστερον
707 315 863 377 ἔκτειναν.
913 311 953 376 ού
989 313 1093 394 μόνον
1129 311 1166 377 δὲ
1199 315 1231 377 Γ
1227 314 1323 377 ότδοι
1344 328 1378 376 14

298 419 517 504 ἀνῃροῦντο,
551 417 634 483 ἀλλά
666 420 720 483 καὶ
756 429 824 482 τῶν
854 419 953 482 πάλαι
977 415 1142 500 Ῥωμαίων
1170 435 1325 503 στρατιω-

261 583 275 616 ·„
298 536 380 589 τῶν
422 528 568 590 πλεῖστοι
605 536 672 590 τῶν
707 526 743 590 τὸ
779 527 941 610 πρότερον
976 524 1038 606 μὲν
1074 523 1327 606 άποταξαμένων

298 641 346 716 τῇ
369 627 538 714 Ῥωμαίων
565 637 716 717 στρατιᾷ,
744 631 1061 716 ἀπηυτομοληκότων
1085 630 1231 717 δὲπαρά
1258 635 1326 694 Τω-

257 765 283 833 t5
299 739 410 801 τίλαν
445 760 480 801 τε
516 738 570 802 καὶ
608 739 767 814 Γότῦους.
819 737 909 813 ὅσοις
946 737 983 802 δὲ
1019 738 1059 822 δὴ
1094 745 1154 802 τοῦ
1187 739 1327 801 Γότῦων

257 905 271 938 v:
305 853 460 928 στρατοῦ
496 847 576 927 μήτε
613 842 816 908 ἀπολωλέναι
848 847 927 927 μήτε
959 855 1026 908 τῶν
1061 844 1226 926 πολεμίων
1257 852 1328 918 ταῖς

258 1013 268 1036 ,Ἴ
308 951 412 1036 χερσὶ
449 948 636 1035 ξυνηνέχθη
673 949 844 1033 γενέσθαι,
878 943 970 1014 οὗτοι
1002 951 1176 1014 διαλαθεῖν
1206 973 1240 1013 τε
1273 949 1328 1013 καὶ

257 1037 265 1126 Ιι
310 1065 443 1140 φυγεῖν
476 1060 625 1140 ἴσχυσαν,
658 1057 702 1133 ὡς
729 1056 839 1122 αὐτῶν
870 1054 1004 1132 ἕκαστος
1036 1057 1137 1121 ἵππου
1167 1055 1187 1140 ἦ
1216 1057 1329 1120 ποδῶν

311 1161 333 1245 ἢ
365 1163 468 1246 τύχης
495 1165 590 1247 ἐσχεν
616 1161 637 1246 ἣ
664 1171 781 1249 καιροῦ
809 1161 829 1246 ἢ
857 1163 966 1249 χώρου
992 1160 1153 1247 φέροντος
1175 1160 1208 1238 ἐς
1230 1171 1327 1226 τοῦτο

258 1299 293 1352 ,ο
310 1267 491 1353 ἐπιτυχεῖν.

257 1355 267 1460 ζ,
374 1372 463 1459 Ἤδη
490 1375 551 1459 μὲν
579 1369 642 1440 οὖν
669 1375 689 1459 ἡ
713 1376 798 1459 μάχη
823 1373 856 1450 ἐς
878 1383 976 1440 τοῦτο
1000 1373 1151 1438 ἐτελεύτα
1173 1375 1228 1438 καὶ
1251 1371 1327 1451 ξυν-
1348 1389 1380 1438 15

314 1483 467 1559 εσκόταζε
493 1481 702 1546 παντάπασιν
728 1483 800 1564 ἤδη.
850 1484 998 1545 Τωτίλαν
1030 1481 1067 1545 δὲ
1094 1481 1262 1565 φεύγοντα
1292 1479 1329 1544 ἐν

257 1656 259 1662 ,
315 1589 423 1674 σκότῳ
452 1590 516 1653 σὺν
544 1587 706 1673 ἀνδράσιν
735 1588 774 1652 ού
802 1586 904 1652 πλέον
926 1585 945 1670 ἢ
969 1585 1066 1652 πέντε
1089 1581 1196 1670 οὖσιν,
1219 1577 1327 1671 ὧνπερ

258 1683 263 1772 ζ
317 1693 335 1757 ό
365 1695 539 1780 Σκιπούαρ
572 1685 619 1770 εἷς
651 1692 830 1778 ἐτύγχανεν
863 1695 920 1777 διν,
952 1705 1018 1758 τῶν
1049 1717 1137 1770 τινες
1164 1691 1329 1776 Ῥωμαίων

257 1786 302 1878 ‚¹15
320 1797 460 1866 ἐδίωκον
492 1801 553 1866 οὐκ
586 1801 722 1882 εἰδότες,
755 1800 798 1876 ὡς
834 1803 978 1876 Τωτίλας
1010 1805 1072 1883 είη·
1109 1798 1146 1864 ἐν
1177 1809 1246 1876 τοῖς
1274 1800 1330 1863 καὶ

257 1893 262 1986 2
310 1906 472 1990 ’Άσβαδον
498 1907 557 1971 τὸν
585 1907 736 1990 Γήπαιδα
763 1904 957 1990 ξυνέβαινεν
985 1901 1079 1970 εἶναι.
1104 1905 1226 1989 ’ὅσπερ
1259 1904 1329 1970 ἐπεὶ

257 2003 258 2008 ¹
324 2015 450 2100 Τωτίλα
478 2011 644 2096 ἀγχοτάτω
673 2011 817 2096 ἐγένετο,
846 2012 890 2088 ὡς
916 2019 961 2099 τῷ
986 2013 1099 2097 δόρατι
1123 2011 1225 2076 αὐτὸν
1247 2013 1329 2076 κατά

319 2130 386 2184 τῶν
414 2119 529 2183 νώτων
556 2121 685 2182 παίσων
708 2115 808 2203 ἐπῄει.
854 2118 1021 2183 Γοτδικὸν
1044 2116 1083 2182 δέ
1104 2141 1135 2182 τι
1158 2118 1329 2203 μειράκιον

257 2243 273 2304 g
321 2223 356 2289 ἐκ
382 2233 439 2308 τῆς
467 2227 593 2289 Τωτίλα
620 2225 725 2301 οἰκίας
748 2227 908 2308 φεύγοντι
935 2231 980 2312 τῷ
1006 2225 1145 2309 δεσπότῃ
1170 2221 1329 2307 ἑπόμενον

257 2323 308 2398 ιο
321 2332 421 2414 τύχην
439 2355 474 2395 τε
495 2329 656 2408 ἀπαξιοῦν
678 2332 739 2415 τὴν
761 2333 833 2396 τότε
856 2340 1028 2416 παροῦσαν
1051 2329 1210 2416 ἀνέκραγε
1232 2328 1328 2413 μέγα·

323 2437 379 2500 ’Τί
399 2445 511 2521 τοῦτο,
531 2431 557 2501 ἀ
579 2438 680 2520 κύων,
706 2439 762 2502 τὸν
786 2439 947 2520 δεσπότην
969 2438 1028 2502 τὸν
1051 2445 1175 2501 σαυτοῦ
1198 2434 1329 2520 πλήξων

323 2543 499 2628 ἀρμηκας’;
536 2543 554 2609 ὁ
582 2543 643 2624 μὲν
670 2538 733 2608 οὖν
752 2541 909 2627 Ἄσβαδος
933 2541 984 2608 ἐπὶ
1013 2543 1159 2607 Τωτίλαν
1186 2543 1223 2607 τὸ
1247 2544 1329 2627 δόρυ

325 2648 435 2714 σθένει
462 2650 561 2714 παντὶ
589 2645 684 2732 ὦσεν,
708 2650 805 2726 αὐτὸς
829 2650 866 2714 δὲ
888 2651 969 2736 πρὸς
991 2659 1051 2714 τοῦ
1075 2651 1247 2734 Σκιπούαρ
1270 2649 1329 2713 τὸν

324 2756 406 2820 πόδα
431 2757 566 2840 πληγείς
594 2756 696 2820 αὐτοῦ
724 2758 839 2838 ἔμεινε.
885 2757 939 2821 καὶ
955 2756 1065 2832 ,αὐτὸς
1092 2756 1129 2820 δὲ
1156 2756 1329 2840 Σκιπούαρ

284 2889 311 2928 τε
325 2863 402 2946 πρός
432 2885 492 2926 του
524 2873 591 2926 τῶν
623 2863 811 2928 διωκόντων
842 2862 975 2946 πληγεὶς
1007 2865 1097 2945 ἔστη,
1134 2862 1170 2926 οἵ
1202 2883 1237 2926 τε
1269 2859 1330 2938 ξὺν

320 2967 460 3056 Ἀσβάδιμ
483 2967 695 3052 πεποιημένοι
718 2970 779 3053 τὴν
803 2968 916 3046 δίωξιν
939 2966 1087 3054 τέτταρες
1110 2970 1216 3051 ὄντες,
1242 2967 1330 3044 ὅπως

327 3074 422 3138 αὐτὸν
455 3075 687 3158 διασώσοιντο,
720 3073 829 3140 οὐκέτι
862 3072 1011 3158 ἐδίωκον,
1043 3073 1125 3139 ἀλλὰ
1157 3073 1218 3151 ξὺν
1244 3074 1332 3162 αύτῷ

328 3181 425 3245 ὀπίσω
458 3179 671 3266 ἀνέστρεφον.
721 3181 754 3246 ολ
782 3181 818 3245 δέ
852 3183 978 3268 Τωτίλα
1010 3179 1221 3264 ἐπισπόμενοι
1253 3181 1328 3244 διώ-
1349 3196 1382 3244 16

327 3309 393 3351 κειν
415 3297 501 3370 σφάς
523 3289 570 3351 ἔτι
593 3289 671 3363 τοὺς
696 3290 871 3368 πολεμίους
893 3288 1037 3368 οίόμενοι
1056 3285 1157 3352 οὐδέν
1174 3311 1206 3351 τι
1224 3281 1329 3370 ἧσσον

290 3421 315 3460 ω
327 3396 562 3478 προσήλαυνον,
586 3395 701 3478 καίπερ
725 3393 826 3458 αύτὸυ
849 3395 981 3478 καιρίαν
1003 3392 1169 3477 πληγέντα
1191 3393 1245 3457 καὶ
1264 3397 1328 3456 λει-

327 3509 536 3584 ποψυχοῦντα
572 3497 777 3582 ἐπαγόμενοι,
817 3501 1087 3584 πρυτανευούσης
1124 3499 1236 3575 αὐτοῖς
1271 3507 1329 3581 τῆς
