3410 4162
641 210 686 260 vl.
705 208 931 260 1112014011102.
1246 209 1289 273 33

270 373 435 454 ἔπεμψεν,
468 369 565 446 αὐτὸς
597 368 634 434 δέ
661 366 785 452 Ῥώμην
817 369 1005 450 διακοσμῶν
1036 348 1145 436 Ιαὐτοῦ
1174 372 1290 455 ἐμεινε.

270 477 331 542 καὶ
361 476 484 552 ἄλλους
511 477 640 551 στείλας
668 472 796 539 ἐκέλευε
820 473 1066 552 Κεντουκέλλας
1092 480 1289 563 πολιορκεῖν.

275 585 379 660 Τεΐας
406 583 444 647 δέ
471 581 555 666 άμφλ
582 589 652 658 τοῖς
674 578 711 646 ἐν
741 582 840 666 Κύμη
872 591 1034 666 φρουροῖς
1065 605 1100 646 τε
1129 584 1184 647 καί
1213 587 1325 668 χρη-3

271 705 359 774 μασι
388 689 499 765 δείσας
526 687 693 770 ἀπογνούς
719 709 754 752 τε
781 689 842 771 τὴν
869 686 931 752 ἀπὸ
959 697 1027 753 τῶν
1052 688 1217 773 Φράγνων
1240 687 1290 754 ἐλ-

270 797 372 878 πίδα,
400 796 479 872 τούς
505 795 538 860 οί
566 791 746 878 ἑπομένους
772 791 944 860 διέτασσεν
966 793 1011 870 ὡς
1032 805 1102 870 τοῖς
1123 798 1291 879 πολεμίοις

271 903 379 986 ὁμόσε
408 904 574 986 χωρήσων.
620 893 729 984 ὧνπερ
757 901 956 981 αἰσθόμενος
978 899 997 966 ὁ
1019 903 1157 986 Ναρσης
1179 899 1289 966 Ἰωάν-

271 1032 341 1091 νην
375 1031 410 1074 τε
446 1008 506 1073 τὸν
541 1011 741 1072 Βιταλιανοῦ
779 1004 985 1090 ἀδελφιδοῦν
1019 1007 1075 1072 καί
1113 1011 1290 1092 Φιλημοὺθ

272 1113 339 1192 ξὺν
364 1121 410 1202 τῷ
433 1115 544 1201 ολκείφ
571 1113 787 1197 στρατεύματι
817 1109 850 1188 ἐς
879 1113 919 1177 τὰ
951 1110 1004 1178 ἐπί
1036 1116 1196 1190 Τουσκίας
1227 1138 1289 1198 χω-

273 1223 333 1305 ρία
362 1218 447 1284 ίέναι
474 1220 615 1302 κελεύει,
643 1217 791 1284 ἐνταῦθά
812 1241 848 1282 τε
874 1217 1112 1300 καθεζομένους
1138 1220 1193 1285 καί
1220 1230 1289 1296 τοῖς
1367 1209 1372 1216 ’

254 1325 441 1402 ,ἐναντίοις
477 1325 742 1410 ἀναχαιτίζοντας
777 1326 838 1408 την
874 1323 926 1390 ἐπὶ
962 1328 1158 1406 Καμπανίας
1196 1326 1289 1410 ὁδόν,

274 1433 365 1509 ὅπως
388 1433 420 1497 οἱ
443 1433 564 1516 Κύμην
585 1436 840 1517 πολιορκοῦντες
859 1429 1053 1517 ἀδεέστερον
1071 1432 1175 1516 αὐτην
1191 1431 1212 1515 ἣ
1231 1435 1289 1520 βίᾳ

273 1538 295 1621 ἣ
327 1539 487 1626 ὁμολογίᾳ
516 1535 638 1616 ἐξελεῖν
670 1539 837 1602 δύναιντο.
883 1537 966 1602 ἄλλα
1003 1540 1097 1614 Τείας
1124 1538 1225 1615 ὁδοὺς
1252 1537 1324 1604 ἐνε

275 1643 370 1731 δεξιᾷ
397 1645 454 1722 τὰς
481 1640 720 1725 ἐπιτομωτάτας
747 1642 799 1708 ἐπί
826 1645 863 1708 τὸ
885 1650 1041 1709 πλείστου
1063 1643 1158 1728 ἀφείς
1179 1648 1288 1731 περιό-

275 1753 359 1827 δους
385 1775 421 1816 τε
450 1752 572 1827 πολλὰς
603 1751 658 1814 καὶ
690 1750 893 1835 μακροτάτας
926 1753 1201 1835 περιβαλλόμενος
1233 1753 1289 1816 διά

253 1885 259 1924 ι
275 1881 313 1922 τε
331 1865 388 1940 τῆς
405 1859 565 1943 παραλίας
582 1859 707 1921 κόλπου
725 1865 785 1921 τοῦ
804 1854 927 1922 Ἰονίου
947 1856 1008 1920 ίὼν
1032 1855 1066 1933 ἐς
1089 1860 1288 1938 Καμπανίαν

275 1964 430 2048 ἀφίκετο,
458 1966 537 2041 τοὺς
563 1963 739 2044 πολεμίους
766 1963 882 2028 λαθὼν
912 1962 1064 2039 ἅπαντας.
1110 1963 1189 2048 ὅπερ
1219 1962 1288 2028 ἐπεὶ

276 2074 414 2155 Ναρσης
442 2072 559 2153 ἔμαθε,
582 2071 661 2145 τούς
683 2092 718 2134 τε
741 2068 825 2153 ἀμφὶ
847 2069 907 2132 τὸν
924 2066 1084 2152 Ἰωάννην
1106 2069 1161 2134 καλ
1186 2073 1287 2153 Φιλη-

275 2178 370 2258 μοὺθ
391 2174 622 2259 μετεπέμπετο,
646 2178 682 2240 οἳ
701 2177 763 2260 την
785 2175 902 2240 δίοδον
924 2171 962 2238 ἐν
984 2175 1144 2250 Τούσκοις
1167 2173 1288 2260 ἐφρού-

277 2307 373 2368 ρουν,
403 2282 458 2348 καί
490 2282 695 2367 Βαλεριανὸν
726 2281 799 2366 άρτι
832 2278 966 2365 Πέτραν
1002 2278 1196 2365 ἐξαιροῦντα
1227 2283 1287 2365 τὴν

252 2397 464 2473 ιπερτοῦσαν
495 2385 702 2471 καλουμένην
735 2386 902 2468 μετεκάλει
929 2383 991 2464 ξὺν
1017 2395 1087 2462 τοῖς
1116 2383 1287 2468 ἑπομένοις

277 2495 336 2571 τάς
366 2517 401 2559 τε
432 2495 589 2575 δυνάμεις
620 2491 791 2578 ξυνήγειρε
827 2494 928 2557 παντί
957 2516 991 2557 τε
1023 2493 1078 2557 καὶ
1114 2493 1212 2570 αὐτὸς
1245 2503 1290 2582 τῷ

277 2608 405 2689 στρατῷ
424 2601 469 2678 ὡς
492 2598 525 2676 ἐς
546 2600 654 2684 μάχην
676 2597 932 2682 ξυντεταγμένος
950 2597 984 2676 ἐς
1002 2602 1204 2680 Καμπανοὺς
1226 2597 1285 2684 ᾔει.

337 2704 430 2772 Ἔστι
457 2704 497 2770 δέ
522 2729 553 2770 τι
581 2707 658 2792 ὄρος
686 2703 738 2770 ἐπί
761 2707 956 2787 Καμπανίας
982 2705 1000 2771 ὁ
1024 2703 1156 2788 Βέβιος,
1185 2704 1221 2782 δς
1244 2707 1320 2790 δηύ

277 2812 433 2888 πολλάκις
456 2811 595 2896 άφίησιν
616 2807 699 2896 ἦχον
721 2819 883 2900 μυκηθμῷ
904 2809 1036 2897 ἐμφερῆ.
1075 2811 1129 2876 καί
1152 2809 1286 2876 ἐπειδὰν

252 2919 368 3005 ταύτῷ
385 2919 422 2983 τὸ
445 2927 600 2984 τοιοῦτον
621 2917 776 3002 ξυμβαίη,
800 2917 818 2984 ὁ
842 2914 879 2982 δὲ
897 2918 951 2982 καί
968 2919 1091 2993 κόνεως
1108 2915 1161 2982 ἐπί
1179 2918 1285 3006 τούτφ

279 3025 412 3109 ζεούσης
433 3048 466 3088 τι
488 3033 595 3109 χρῆμα
616 3022 699 3107 μέγα
722 3022 897 3108 ἐρεύγεται.
942 3021 994 3088 ἐπί
1016 3024 1137 3088 τούτου
1161 3025 1202 3108 δη
1225 3034 1285 3090 τοῦ

279 3133 391 3215 ὅρους,
413 3123 496 3215 ᾗπερ
519 3130 574 3195 καὶ
596 3138 654 3213 τῆς
675 3131 756 3195 κατὰ
777 3130 839 3213 τὴν
862 3132 1019 3194 Σικελίαν
1042 3134 1179 3214 Αίτνης,
1207 3132 1285 3196 κενά

279 3238 321 3301 τά
347 3234 382 3301 ἐν
408 3235 496 3325 μέσφ
523 3234 560 3301 ἐκ
587 3247 654 3300 τῶν
681 3233 827 3320 ἐσχάτων
853 3236 928 3320 άχρι
956 3233 989 3312 ἐς
1015 3237 1076 3318 τὴν
1098 3235 1286 3321 ὑπερβολὴν

280 3343 343 3409 άπὸ
371 3342 575 3424 ταύτομάτου
605 3342 780 3425 τετύχηκεν
810 3335 909 3423 εἶναι,
936 3335 977 3406 οὗ
1005 3343 1047 3424 δὴ
1074 3343 1214 3427 ἔνερθεν
1236 3344 1285 3406 δι-

252 3448 391 3533 οηνεκές
416 3449 454 3513 τὸ
481 3457 548 3533 πῦρ
574 3451 708 3512 καίεται.
753 3444 786 3523 ἐς
812 3448 912 3512 τόσον
934 3446 972 3511 δὲ
993 3447 1100 3528 βάθος
1121 3455 1220 3512 τοῦτο
1244 3449 1285 3530 δὴ

281 3557 318 3620 τὸ
344 3556 440 3620 κενὸν
467 3556 595 3638 διήκειν
622 3552 803 3636 ξυμβαίνει,
827 3553 909 3617 ὥστε
932 3553 974 3636 δη
997 3551 1163 3640 άνθρώπφ
1186 3551 1224 3617 ἐν
1245 3562 1285 3638 τῇ
