3410 4162
685 209 729 259 1x.
751 209 919 259 ΠΡΙΣΚοΣ.
1257 205 1299 266 47

272 372 387 454 αύτης
422 371 600 455 διήμαρτεν
632 367 763 445 ἐλπίδος
795 377 855 434 τοῦ
881 366 1015 452 Ἀττήλα
1048 371 1300 452 χαλεπήναντος,

272 479 328 542 ὅτι
361 501 402 560 γε
432 478 472 560 δὴ
501 475 534 553 ἐς
561 478 621 560 τὴν
648 477 751 541 αὐτοῦ
780 473 955 559 ἐπανῆλθε.
1000 477 1072 540 τότε
1100 475 1138 540 δὲ
1165 475 1221 539 διὰ
1242 474 1302 538 τὸν

272 595 336 667 τῆς
372 584 513 668 εὐωχίας
544 584 661 668 καιρὸν
692 583 871 669 παρελθὼν
901 590 947 670 τῷ
974 605 1009 646 τε
1042 583 1122 646 είδει
1151 580 1206 645 καὶ
1233 590 1302 656 τοῖς

274 689 451 774 ἐσθήμασι
481 687 536 754 καί
566 699 605 776 τῇ
636 699 733 776 φωνῇ
763 686 818 755 καὶ
848 700 918 766 τοῖς
945 687 1195 772 συγκεχυμένως
1222 685 1297 772 παρ’

255 798 390 863 ταύτοῦ
419 795 680 882 προφερομένοις
708 796 842 882 βήμασι·
878 806 918 882 τῇ
946 797 1009 881 γὰρ
1034 795 1211 870 Αὐσονίων
1241 795 1302 876 τὴν

276 915 351 968 τῶν
377 904 522 971 Οὔννων
550 905 605 968 καὶ
633 905 783 988 τὴντῶν
807 906 949 970 Γότθων
970 904 1176 988 παραμιγνὺς
1199 905 1301 984 γλῶτ-

278 1035 345 1074 ταν
379 1010 504 1087 πάντας
535 1009 640 1094 διέχεε
672 1008 727 1074 καλ
755 1008 788 1086 ἐς
816 1009 979 1092 ἄσβεστον
1006 1008 1146 1095 ὁρμῆσαι
1177 1005 1301 1090 γέλωτα

279 1117 511 1201 παρεσκεύασε
533 1119 620 1201 πλὴν
636 1114 782 1201 Ἀττήλα·
806 1111 904 1193 οὗτος
922 1118 984 1201 γὰρ
1003 1118 1119 1197 ἔμενεν
1137 1113 1302 1197 ἀστεμφής

281 1221 340 1287 καὶ
365 1223 403 1287 τὸ
429 1219 516 1300 εἶδος
539 1223 776 1309 ἀμετάτρεπτος
798 1222 854 1288 καὶ
878 1223 980 1288 οὐδὲν
1002 1223 1079 1287 οὔτε
1100 1220 1207 1305 λέγων
1225 1220 1301 1285 οὔτε

254 1357 269 1396 ,ο
283 1339 395 1394 ποιῶν
421 1328 561 1413 γέλωτος
585 1329 741 1414 ἐχόμενον
764 1329 932 1415 ἐφαίνετο,
959 1330 1046 1412 πλὴν
1069 1329 1120 1393 ὅτι
1143 1329 1202 1392 τὸν
1224 1327 1301 1392 νεώ-

284 1461 388 1502 τατον
418 1447 486 1501 τῶν
513 1438 651 1520 παίδων,
675 1435 798 1523 Ἠρνᾶς
826 1437 863 1502 δὲ
890 1439 995 1518 ὄνομα
1021 1436 1142 1524 τούτῳ,
1173 1433 1302 1499 ἐσιόντα

285 1542 342 1608 καὶ
366 1554 557 1630 παρεστῶτα
579 1535 666 1609 εἷλκε
689 1554 746 1629 τῆς
769 1553 904 1630 παρειάς
926 1549 1082 1627 γαληνοῖς
1108 1539 1303 1624 ἀποβλέπων

288 1653 413 1734 ὄμμασι
435 1653 516 1736 πρὸς
539 1652 649 1717 αὐτόν.
695 1650 776 1733 ἐμοῦ
800 1652 838 1716 δὲ
860 1651 1101 1734 θαυμάζοντος,
1127 1649 1214 1725 ὅπως
1236 1659 1303 1712 τῶν
1323 1668 1356 1714 10

289 1757 351 1838 μὲν
381 1758 491 1822 ἄλλων
519 1759 648 1822 παίδων
678 1758 870 1844 ὀλιγωροίη,
899 1759 980 1844 πρὸς
1010 1757 1048 1822 δέ
1077 1755 1206 1822 ἐκεῖνον
1234 1757 1302 1839 ἔχοι

253 1889 275 1928 ιε
290 1865 351 1928 τὸν
387 1873 481 1948 νοῦν,
519 1863 536 1929 ὁ
573 1867 848 1949 παρακαθήμενος
883 1865 1048 1950 βάρβαρος
1085 1862 1211 1939 συνιεὶς
1246 1872 1303 1945 τῆς

292 1970 471 2034 Αὐσονίαν
497 1980 612 2055 φωνῆς
638 1969 693 2036 καὶ
720 1981 788 2034 τῶν
814 1969 889 2056 παρ’
912 1971 1016 2036 αὐτοῦ
1038 1995 1094 2052 μοι
1118 1968 1302 2055 ῥηθησομέ-

292 2101 362 2140 νων
392 2077 496 2162 μηδέν
527 2075 674 2160 ἐκλέγειν
704 2077 872 2162 προειπὼν
908 2079 1031 2161 ἔφασκε
1062 2079 1140 2153 τοὺς
1170 2076 1303 2158 μάντεις

292 2191 338 2270 τῷ
359 2180 493 2271 Ἀττήλρι
523 2182 804 2269 προηγορευκέναι
835 2184 872 2247 τὸ
903 2183 965 2264 μὲν
996 2183 1099 2248 αὐτοῦ
1128 2188 1303 2248 πεσεῖσθαι

294 2288 403 2372 γένος,
430 2290 495 2355 ὑπὸ
523 2291 560 2355 δὲ
587 2298 646 2355 τοῦ
673 2290 790 2366 παιδὸς
817 2289 1061 2373 ἀναστήσεσθαι
1084 2290 1213 2355 τούτου.
1259 2289 1303 2364 ὡς

257 2423 281 2460 ιο
296 2396 333 2459 δὲ
362 2393 398 2460 ἐν
426 2404 472 2484 τῷ
499 2399 669 2484 συμποσίω
699 2387 811 2461 εἷλκον
838 2397 900 2480 τὴν
927 2396 1045 2478 νύκτα,
1074 2393 1304 2479 ὑπεξήλθομεν

297 2500 349 2566 ἐπὶ
376 2506 460 2567 πολὺ
487 2505 531 2588 μὴ
553 2501 776 2588 βουληθέντες
799 2511 844 2591 τῷ
863 2505 950 2591 πότφ
973 2512 1237 2588 προσκαρτερεῖν.
1261 2539 1302 2547 -

298 2609 425 2693 ἡμερῶν
461 2608 706 2693 διαγενομένων
741 2608 838 2675 πέντε
873 2617 918 2698 τῷ
942 2607 1123 2697 Ὀνηγησίφ
1160 2610 1304 2684 εἰπόντες

298 2725 413 2800 χρῆναι
444 2717 527 2800 ἡμᾶς
558 2719 601 2800 μὴ
632 2717 799 2800 τηνάλλως
830 2719 957 2802 τρίβειν
987 2717 1047 2781 τὸν
1077 2718 1208 2802 χρόνον,
1238 2726 1305 2780 τῶν

300 2824 424 2902 βασιλεῖ
462 2821 766 2906 άποδοθησομένων
802 2824 1001 2908 γραμμάτων
1038 2821 1303 2906 σννταχθέντων,

263 2955 286 2994 ιε
301 2929 517 3011 διαφείθημεν
540 2929 658 3014 δώροις
679 2940 748 3007 τοῖς
770 2933 974 3015 προσήκουσι
996 2927 1198 3013 τιμηθέντες.
