3410 4162
649 149 681 199 v.
702 148 927 200 1112014011102.
1248 148 1292 211 23

262 309 431 394 ισάριος
449 308 486 372 δὲ
503 309 562 385 τὰς
579 319 647 374 τῶν
664 311 830 390 πολεμίων
848 309 994 392 μηχανάς
1008 310 1115 374 καίειν
1133 307 1293 392 ἐκέλευεν,

262 414 304 480 πὶ
343 419 519 480 πλεῖστον
542 415 579 480 δὲ
601 415 621 499 ἡ
645 413 727 500 φλὸξ
751 413 908 499 αίρομένη
935 417 1067 497 μείζονα
1094 417 1155 500 τὴν
1178 417 1293 499 ἔκπλη-

262 547 320 605 ιν,
354 522 413 598 ὡς
435 521 472 586 τὸ
496 523 596 606 εἰκός,
619 531 689 598 τοῖς
711 522 897 606 φεύγουσιν
921 519 1071 587 ἐνεποίει.
1151 554 1153 559 ·
1340 601 1341 604 ¹

322 627 402 693 'Ev
425 629 532 716 τούτῳ
556 629 593 693 δὲ
615 627 670 694 καὶ
693 630 775 694 κατά
797 627 906 712 πύλην
925 631 1098 714 Σαλαρίαν
1116 627 1294 712 ξυμπεσεῐν
1313 645 1348 694 20

262 737 321 820 ’ὴν
360 735 490 816 ὁμοίαν
519 735 622 818 τύχην
653 733 789 818 ξυνέβη,
818 735 876 811 τάς
902 757 937 799 τε
967 736 1072 811 πύλας
1101 733 1296 812 ἐξαπιναίως

262 841 431 930 λυέῳγον
453 839 508 906 καὶ
532 839 566 918 ἐς
587 843 666 918 τοὺς
688 841 877 927 βαρβάρους
904 839 941 906 ἐκ
962 851 1022 906 τοῦ
1046 841 1295 928 ἀπροσδοκήτου

262 947 458 1014 ἐνέπιπτον
480 949 620 1024 τούτους
642 971 677 1011 τε
700 947 762 1012 ούκ
787 946 1026 1031 ἀμυνομένους,
1049 947 1131 1012 ἀλλὰ
1148 949 1189 1012 τά
1207 959 1296 1012 νῶτα

262 1053 487 1142 στρέψαντας
514 1056 661 1120 έκτεινον
688 1051 742 1118 καί
770 1055 810 1118 τά
835 1051 904 1118 κατ’
932 1055 1054 1130 αὐτούς
1082 1058 1296 1138 μηχανήματα

262 1165 404 1244 ἔκαιον,
432 1159 487 1225 καὶ
515 1161 536 1244 ἤ
563 1185 598 1226 τε
626 1159 709 1244 φλὸξ
733 1164 879 1244 πολλαχῆ
902 1169 963 1224 τοῦ
986 1163 1114 1244 τείχους
1137 1158 1190 1224 ἐπὶ
1212 1159 1296 1244 μέγα

262 1271 384 1354 ἤρθη,
404 1268 425 1350 ἥ
443 1291 479 1332 τε
497 1279 564 1332 τῶν
584 1269 724 1332 Γότθων
746 1266 906 1351 ὑπαγωγὴ
929 1269 1010 1332 κατά
1032 1266 1152 1352 κράτος
1173 1269 1236 1352 ἤδη
1261 1265 1297 1332 ἐκ

262 1375 404 1450 παντὸς
431 1382 492 1440 τοῦ
519 1375 698 1459 περιβόλου
726 1371 870 1457 ἐγένετο,
903 1371 958 1438 καὶ
989 1374 1005 1457 ἡ
1033 1375 1160 1458 κραυγη
1190 1373 1296 1457 άμφο-

262 1481 431 1567 τέρωθεν
453 1481 626 1566 ὑπερφυὴς
652 1475 695 1563 ἦν
724 1491 791 1545 τῶν
813 1479 875 1564 μέν
894 1477 994 1567 ἐντῷ
1013 1482 1111 1563 τείχει
1131 1477 1296 1562 Ῥωμαίων

262 1598 343 1664 τοῖς
379 1588 561 1652 διώκουσιν
589 1585 863 1670 ἐγκελευομένων,
891 1597 959 1652 τῶν
987 1587 1023 1650 δὲ
1046 1585 1083 1652 ἐν
1106 1596 1175 1663 τοῖς
1197 1611 1295 1671 χαρα-

265 1695 407 1776 κώμασι
430 1695 491 1778 την
513 1703 573 1758 τοῦ
596 1693 728 1769 πάθους
748 1693 938 1778 ὑπερβολὴν
961 1691 1182 1779 ὀδυρομένων.
1220 1692 1296 1758 άπέ-
1314 1709 1347 1758 21

270 1808 392 1866 θανον
425 1801 462 1865 δὲ
494 1803 635 1864 Γότθων
667 1797 775 1884 ἐκείνη
807 1809 846 1885 τῇ
878 1798 982 1888 ἡμέρα
1013 1801 1219 1886 τρισμύριοι,
1252 1799 1296 1876 ὡς

270 1908 393 1972 αὐτῶν
412 1908 444 1972 οἱ
463 1908 619 1992 άρχοντες
639 1907 855 1992 ἰσχυρίζοντο,
875 1904 929 1971 καί
948 1908 1143 1992 τραυματίαι
1161 1909 1295 1983 πλείους

274 2012 451 2096 ἐγένοντο·
488 2013 545 2078 άτε
571 2014 635 2098 γάρ
664 2010 701 2077 ἐν
727 2015 849 2096 πλήθει
878 2016 989 2100 πολλῷ
1016 2013 1051 2076 οῗ
1075 2036 1111 2076 τε
1139 2011 1201 2076 άπὸ
1229 2024 1296 2077 τῶν

274 2117 448 2196 ἐπάλξεων
470 2121 510 2183 τά
532 2124 670 2183 πλεῖστα
693 2117 877 2202 ἐτύγχανον
900 2119 947 2195 εἰς
969 2119 1091 2194 αὐτοὺς
1117 2119 1296 2202 βάλλοντες

276 2225 334 2290 καὶ
365 2227 398 2291 ολ
425 2227 482 2302 τάς
510 2223 712 2310 έπεκὸρομάς
737 2225 933 2306 ποιούμενοι
955 2225 1110 2306 πάμπολύ
1133 2248 1164 2288 τι
1188 2234 1296 2310 χρῆμα

262 2331 602 2416 καταπεπληγμένων
633 2355 668 2396 τε
699 2329 755 2395 καὶ
787 2333 983 2415 φευγόντων
1010 2329 1199 2416 ἀνθρώπων
1230 2331 1295 2396 διέ-

281 2445 436 2525 φθειρον.
481 2440 502 2522 ἥ
526 2462 561 2504 τε
583 2439 772 2522 τειχομαχία
795 2435 882 2524 πρωὶ
905 2434 1067 2523 ἄρξαμένη
1092 2435 1243 2502 ἐτελεύτα
1262 2437 1295 2514 ἐς

282 2546 398 2629 δείλην
425 2545 534 2623 ὀψίαν.
579 2545 704 2627 ταύτην
730 2544 791 2626 μὲν
821 2538 882 2609 οὖν
905 2544 966 2627 τὴν
988 2544 1093 2608 νύκτα
1115 2545 1294 2628 ηὐλίσαντο

284 2647 444 2734 ἑκάτεροι,
472 2648 622 2733 Ῥωμαῖοι
653 2651 715 2732 μὲν
746 2648 783 2715 ἐν
810 2657 855 2738 τῷ
878 2652 1042 2738 περιβόλῳ
1070 2653 1297 2729 παιανίζοντες

285 2755 339 2820 καλ
368 2758 564 2842 Βελισάριον
591 2755 628 2822 ἐν
656 2757 832 2841 εὐφημίαις
858 2757 1051 2838 ποιούμενοι
1079 2755 1134 2820 καλ
1161 2759 1201 2822 τά
1227 2769 1295 2822 τῶν

262 2874 411 2948 ινεκρῶν
433 2864 642 2946 σκυλεύματα
664 2865 808 2947 ἔχοντες,
832 2865 956 2928 Γότθοι
980 2862 1017 2927 δέ
1039 2863 1117 2939 τούς
1139 2886 1174 2928 τε
1196 2887 1294 2950 τραυ-

288 2972 399 3048 ματίας
429 2981 525 3054 σφῶν
556 2970 799 3056 θεραπεύοντες
832 2968 887 3033 καὶ
924 2971 1002 3046 τοὺς
1038 2973 1295 3053 τελευτήσαντας

289 3075 488 3161 ὀδυρόμενοι.

291 3285 328 3350 V.
351 3287 469 3352 Τολίλεε
491 3310 549 3352 rex
569 3286 749 3352 Gothorum
773 3285 947 3352 οΝοτεολο
970 3287 1190 3353 Romanorum
1215 3289 1293 3354 duce

315 3377 352 3439 ad
372 3376 507 3462 Taginas
530 3376 669 3440 vincitur
693 3373 734 3462 (a.
752 3373 826 3439 552.
863 3375 899 3440 B.
925 3375 1020 3441 Goth.
1043 3375 1092 3440 IV
1113 3376 1269 3465 29-32).

360 3503 496 3578 Τωτίλας
532 3497 738 3581 πεπυσμένος
774 3499 836 3583 ἤδη
873 3501 912 3564 τά
950 3497 987 3564 ἐν
1015 3504 1185 3578 Βενετίαις
1217 3501 1326 3580 {vv-1
