3410 4162
631 224 664 272 x.
684 221 891 273 εεειοωῐοε.
1226 220 1266 284 51

249 393 326 445 τῶν
349 383 531 466 μυρμήκων
554 382 653 467 ἔργον
671 393 739 447 τῶν
756 384 986 468 χρυσοφόρων,
1004 384 1153 471 τοσούτῳ
1170 381 1272 449 πλέον

249 488 424 570 ἀτιμάσει,
448 487 576 576 ὅσῳπερ
600 486 642 551 δν
664 484 765 573 ἦττον
786 488 998 576 προσδέηται·
1027 489 1132 574 αὐτὴν
1153 489 1193 554 δέ
1215 491 1271 573 δή»

250 617 325 659 που
353 597 415 678 την
442 596 556 679 χρείαν
582 604 652 670 τοῖς
673 605 731 678 τῆς
753 596 886 680 φύσεως
908 595 1112 678 ἀναγκαίοις,
1136 593 1207 661 ἀλλ’
1228 596 1270 660 οῦ

249 713 329 778 ταῖς
352 703 488 784 ἡδοναῖς
511 701 657 787 ὁριεῖται.
700 702 744 778 ὡς
767 703 802 767 οἳ
824 725 862 786 γε
885 712 952 767 τῶν
972 701 1162 786 ἀναγκαίων
1181 701 1270 788 όρων
1289 720 1323 767 43

251 806 321 885 ἔξω
353 811 526 892 γενόμενοι
557 811 789 893 παραπλησίως
819 819 890 886 τοῖς
920 810 1003 874 κατὰ
1034 817 1094 875 τοῦ
1124 819 1272 895 πρανοῦς

251 914 457 1000 φερομένοις
492 915 574 1000 πρὸς
609 915 711 980 οὐδὲν
746 915 906 998 στάσιμον
942 919 1072 1000 ἔχοντες
1108 916 1270 999 ἀποβῆναι
1316 969 1318 972 -

252 1021 410 1104 οὐδαμοῦ
432 1030 490 1104 τῆς
511 1023 559 1098 είς
581 1021 618 1086 τὸ
641 1023 752 1107 πρόσω
776 1030 882 1107 φορᾶς
904 1021 1067 1088 ἵστανται·
1094 1020 1164 1088 ἀλλ’
1188 1022 1270 1110 ὅσῳ-

252 1149 320 1212 περ
348 1126 391 1192 διν
418 1130 518 1193 πλείω
545 1128 886 1214 προσπεριβάλωνται,
911 1137 972 1193 τοῦ
997 1135 1071 1194 ίσου
1095 1127 1226 1194 δέονται
1249 1127 1268 1212 ἢ
1330 1161 1343 1187 r

254 1235 315 1298 καὶ
337 1236 490 1312 πλείονος
506 1235 588 1320 πρὸς
605 1235 667 1318 την
684 1243 741 1317 τῆς
760 1233 937 1317 ἐπιθυμίας
955 1232 1172 1320 ἐκπλήρωσιν,
1190 1237 1271 1301 κατὰ

254 1341 320 1404 τὸν
338 1339 568 1424 Ἐξηκεστίδου
592 1343 747 1424 Σόλωνα,
770 1340 808 1417 ὅς
829 1357 925 1425 φησι·
1281 1359 1377 1410 raum

307 1448 464 1513 Πλαύτου
483 1445 513 1512 δ’
532 1447 633 1512 οὐδὲν
651 1446 752 1533 τέρμα
770 1446 983 1532 πεφασμένον
1001 1447 1141 1533 ἀνδράσι
1157 1458 1271 1514 κεῖται.

256 1561 306 1641 τῷ
330 1554 369 1618 δὲ
393 1555 549 1638 Θεόγνιδι
575 1555 657 1639 πρὸς
683 1563 787 1620 ταῦτα
814 1555 1001 1642 διδασκάλῳ
1029 1552 1198 1639 χρηστέον,
1222 1553 1272 1618 λε’-

256 1680 368 1742 γοντι·

307 1767 379 1832 Οὐκ
402 1769 518 1853 ἔραμαι
540 1773 697 1833 πλουτεῖν
719 1767 792 1834 οὐδ’
815 1770 965 1854 εὔχομαι,
992 1767 1076 1834 άλλά
1097 1793 1155 1850 μοι
1177 1773 1227 1851 είη
1274 1793 1326 1834 ιιιι

375 1877 446 1956 Ζῆν
468 1872 532 1938 άπὸ
554 1885 622 1939 τῶν
644 1874 778 1959 ὀλίγων,
800 1875 905 1959 μηδὲν
927 1877 1036 1959 ἔχοντι
1059 1877 1168 1940 κακόν.

323 1978 408 2064 ’ἱδγὼ
437 1981 475 2046 δὲ
501 1982 556 2046 καί
579 1981 764 2065 Διογένους
791 1982 912 2066 όίγιιμαι
938 1983 1000 2065 την
1026 1982 1160 2047 πάντων
1189 1981 1273 2064 ὁμοῦ
1290 1999 1326 2048 44

259 2098 329 2151 τῶν
355 2087 581 2173 ἀνθρωπίνων
607 2088 803 2174 ὑπεροψίαν,
831 2088 867 2165 ὅς
892 2112 930 2172 γε
951 2089 1007 2153 καί
1030 2086 1190 2170 βασιλέως
1211 2096 1272 2153 τοῦ

258 2195 406 2278 μεγάλου
433 2192 553 2259 ἑαυτὸν
580 2193 726 2278 ἀπέφηνε
752 2196 998 2280 πλουσιώτερον
1020 2202 1065 2282 τῷ
1089 2193 1273 2260 ἐλαττόνων

258 2301 279 2384 ἢ
309 2301 436 2378 ἐκεῖνος
462 2302 545 2366 κατὰ
570 2302 630 2365 τὸν
656 2303 732 2383 βίον
756 2303 988 2386 προσδεῖσθαι.
1032 2302 1113 2385 ἡμῖν
1142 2301 1180 2366 δέ
1209 2301 1273 2386 ἄρα

242 2410 291 2473 ιεί
322 2409 366 2492 μὴ
397 2409 438 2472 τὰ
464 2410 604 2473 Πυθίου
635 2417 696 2472 τοῦ
723 2411 848 2473 Μυσοῦ
879 2410 1016 2493 προσείη
1045 2408 1189 2473 τάλαντα
1217 2409 1272 2472 καί

259 2514 390 2600 πλέθρα
425 2524 486 2598 γης
521 2517 602 2580 τόσα
636 2516 692 2580 καί
727 2517 807 2579 τόσα
842 2517 897 2580 καί
931 2515 1147 2600 βοσκημάτων
1177 2512 1272 2596 ἑσμοὶ

259 2623 394 2698 πλείους
422 2620 443 2705 ἢ
474 2621 671 2708 ἀριθμῆσαι,
704 2621 806 2686 οὐδὲν
838 2619 1010 2708 ἐξαρκέσει.
1055 2619 1141 2704 ἀλλ’,
1171 2617 1272 2703 οἶμαι,

260 2731 419 2813 προσήκει
441 2727 566 2793 ἀπόντα
585 2751 623 2792 τε
644 2729 688 2813 μὴ
711 2735 833 2794 ποθεῖν
855 2730 914 2793 τὸν
934 2735 1082 2794 πλοῦτον
1108 2728 1163 2792 καί
1191 2748 1272 2812 παρ-

261 2838 358 2911 όντος
383 2836 427 2919 μὴ
449 2843 495 2922 τῷ
519 2841 698 2918 κεκτῆσθαι
720 2841 848 2918 μᾶλλον
874 2846 1015 2920 φρονεῦν
1036 2833 1057 2918 ἢ
1080 2841 1125 2922 τῷ
1150 2833 1273 2900 εἰδέναι

242 2941 364 3006 ιαότὸν
400 2935 437 3006 εὖ
474 2943 695 3007 διατίθεσθαι.
745 2943 781 3007 τὸ
817 2943 880 3027 γάρ
911 2951 972 3007 τοῦ
1004 2941 1204 3026 Σωκράτους
1235 2935 1273 3004 εὖ
1292 2956 1326 3004 45

261 3051 344 3132 ἔχει,
372 3047 409 3124 ὃς
434 3047 518 3132 μέγα
544 3057 753 3135 φρονοῦντος
780 3051 943 3114 πλουσίου
973 3048 1094 3134 ἀνδρὸς
1122 3045 1176 3112 ἐπί
1202 3057 1274 3124 τοῖς

263 3157 427 3240 χρήμασιν
449 3155 489 3220 οὐ
512 3157 673 3242 πρότερον
696 3157 798 3221 αὐτὸν
820 3155 1109 3240 θαυμάσεινέφη,
1130 3154 1209 3240 πρὶν
1231 3152 1274 3218 ἂν

262 3264 318 3326 καί
348 3261 397 3325 ὅτι
427 3268 609 3347 κεχρῆσθαι
639 3264 770 3339 τούτοις
801 3260 968 3328 ἐπίσταται
998 3257 1207 3347 πειραθῆναι.
1252 3255 1272 3342 ἦ

266 3370 401 3444 Φειδίας
437 3368 498 3451 μὲν
534 3370 589 3434 καί
626 3371 863 3453 Πολύκλειτος,
900 3370 930 3434 εί
961 3376 1006 3457 τῷ
1035 3371 1160 3458 χρυσίῳ
1192 3366 1274 3452 μέγα

242 3475 432 3560 ιέφρόνουν
453 3477 509 3540 καί
531 3483 576 3564 τῷ
596 3473 760 3560 ἐλέφαντι,
779 3470 827 3541 ὧν
846 3477 864 3542 ὁ
883 3476 944 3559 μὲν
958 3473 1101 3554 Ἠλείοις
1118 3477 1178 3541 τὸν
1196 3476 1273 3555 Δία,

265 3582 283 3648 ὁ
308 3582 344 3646 δέ
366 3584 427 3666 τὴν
443 3579 552 3668 Ἥραν
568 3579 724 3669 Ἀργείοις
747 3580 955 3668 ἐποιησάτην,
978 3583 1205 3667 καταγελάστω
1231 3580 1274 3646 διν
